2690 3794
342 321 552 402 Dilluns
559 350 596 394 a
608 342 672 394 17
693 313 834 392 rebere
841 321 894 386 de
912 313 1095 392 Llorens
1118 318 1267 402 Lloix
1277 348 1418 432 pages
1434 329 1511 400 del
1516 353 1659 432 regne
1678 348 1731 408 de
1722 337 1936 429 frança

378 428 582 501 habitant
600 449 670 496 en
677 401 768 499 St
762 407 949 485 Andreu
965 420 1015 483 de
1022 391 1245 491 Palomar
1261 420 1333 491 ab
1335 409 1553 523 Elisabeth
1565 428 1717 499 viuda
1735 431 1799 501 de
1798 420 2005 499 Bernat

386 533 565 633 Casals
572 543 705 644 pages
726 525 790 598 de
803 517 905 587 dita
910 509 1152 638 parrochia

372 629 456 708 Dit
460 640 543 708 dia
559 626 703 697 rebere
712 634 768 700 de
784 618 1021 692 Salvador
1025 616 1133 718 Giro
1140 626 1352 689 candaler
1362 626 1407 684 de
1412 640 1492 692 ceu
1516 629 1566 692 de
1582 616 1736 713 Lleyda
1752 610 1958 692 habitant

395 748 449 793 en
454 702 600 804 Bara
603 721 732 786 viudo
759 725 826 787 ab
820 718 990 819 Isabel
1013 715 1193 808 donsella
1200 718 1325 803 filla
1349 718 1394 778 de
1389 717 1528 815 Joan
1544 711 1753 782 Vinader
1751 723 1911 818 fuster
1922 728 1976 787 de

386 803 533 907 Bara
518 846 573 909 y
581 830 637 890 de
641 819 881 890 Catherina
896 814 1119 903 defuncta

378 908 557 981 Dimars
551 929 596 970 a
606 918 667 978 18
677 902 815 978 rebere
819 913 881 973 de
885 884 1073 978 Bernat
1080 905 1213 965 Salto
1212 897 1418 997 hostaler
1428 899 1495 965 de
1499 857 1654 984 Bara
1650 897 1780 962 viudo
1804 894 1876 960 ab
1883 894 1950 965 Ca=

389 1007 563 1080 therina
575 1009 774 1099 donsella
778 996 916 1099 filla
935 1004 990 1069 de
981 972 1111 1104 Joa
1124 991 1374 1099 Caravajal
1392 1001 1544 1104 capita
1554 991 1607 1061 de
1598 991 1687 1091 sa
1700 975 1849 1091 Magt
1812 1023 1876 1080 y
1883 991 1958 1051 de

389 1114 505 1174 dona
507 1082 749 1177 Patronilla
765 1093 993 1198 defuncts

372 1197 448 1265 Dit
452 1202 527 1262 dia
526 1189 664 1265 rebere
671 1208 719 1265 de
715 1202 859 1292 jaume
863 1194 1097 1292 Volpalleres
1099 1205 1226 1292 pages
1236 1186 1289 1249 de
1299 1162 1377 1243 St
1368 1184 1500 1276 Cugat
1505 1186 1561 1243 de
1560 1168 1725 1249 Vallers
1722 1184 1824 1268 fill
1831 1186 1882 1238 de
1886 1157 1980 1238 An=

383 1285 483 1361 tich
493 1283 741 1394 Volpalleres
745 1312 883 1404 pages
869 1318 933 1377 y
946 1293 1007 1353 de
1006 1256 1204 1353 Beneta
1214 1272 1429 1372 defuncts
1447 1272 1520 1340 ab
1519 1267 1791 1372 Maryanna
1804 1275 1994 1372 donsella

362 1387 494 1485 filla
501 1390 565 1455 de
570 1398 735 1490 jaume
740 1366 815 1460 Pi
817 1403 949 1490 pages
959 1395 1021 1455 de
1028 1352 1177 1450 Rubi
1157 1406 1232 1468 y
1236 1387 1295 1450 de
1313 1350 1520 1442 Beneta

381 1484 456 1551 Dit
466 1481 530 1546 dia
545 1478 692 1544 rebere
707 1486 763 1551 de
762 1486 927 1581 jaume
940 1462 1086 1551 Roca
1080 1497 1223 1589 pages
1228 1478 1289 1549 de
1302 1476 1457 1570 Aulesa
1464 1486 1528 1544 de
1543 1465 1810 1576 Montserrat
1807 1462 1917 1568 fill
1930 1473 1978 1541 de

364 1583 502 1683 Joan
526 1558 656 1645 Roca
666 1585 801 1688 pages
792 1604 853 1672 y
861 1588 913 1648 de
932 1558 1114 1651 Eleonor
1116 1580 1325 1675 defuncts
1338 1575 1421 1643 ab
1420 1550 1580 1645 Paula
1587 1572 1783 1669 donsella
1779 1564 1923 1667 filla
1933 1580 1997 1640 de

378 1658 664 1753 Barthomeu
674 1655 941 1782 Broquetes
954 1693 1100 1798 pages
1091 1709 1158 1785 y
1170 1684 1232 1758 de
1236 1653 1470 1787 Elisabeth
1472 1655 1635 1782 defucts
1642 1679 1733 1750 tots
1738 1682 1788 1747 de
1798 1668 1893 1750 dita
1889 1631 2073 1790 parroa

348 1775 571 1849 Dimecres
581 1805 631 1841 a
641 1800 703 1871 19
715 1775 875 1849 rebere
889 1782 958 1853 de
977 1773 1170 1849 Antoni
1198 1781 1410 1892 Mesura
1431 1781 1646 1865 baxador
1655 1792 1718 1864 de
1727 1786 1904 1877 Caldes
1915 1796 1989 1864 de

370 1859 593 1970 Monbuy
597 1878 703 1964 fill
712 1878 768 1945 de
784 1865 969 1952 Antoni
978 1870 1174 1970 Mesura
1190 1872 1404 1980 blanquer
1403 1909 1462 1975 y
1469 1885 1536 1953 de
1521 1888 1712 1991 Joana
1735 1878 1816 1962 ab
1826 1880 1939 1959 Ma=

372 2001 563 2077 ryanna
570 1974 782 2077 donsella
781 1971 922 2074 filla
937 1985 996 2055 de
1000 1961 1128 2050 Pere
1135 1969 1308 2079 Devesa
1321 1979 1511 2055 texidor
1527 2001 1583 2055 de
1590 1985 1742 2055 llana
1732 2019 1810 2090 y
1828 1979 1920 2061 de

378 2070 584 2189 Angela
606 2095 713 2160 tots
726 2097 785 2154 de
789 2089 897 2160 dita
910 2081 1023 2160 vila

351 2188 533 2302 Dijous
545 2221 590 2267 a
600 2204 689 2270 20
704 2186 853 2264 rebere
861 2194 922 2264 de
937 2169 1149 2267 Bernat
1165 2167 1276 2264 Pau
1275 2186 1462 2299 ferrer
1469 2212 1624 2310 pages
1645 2207 1709 2280 de
1727 2167 1945 2310 Besora

375 2295 535 2406 bisbat
551 2298 618 2371 de
619 2279 752 2371 Vich
770 2293 1001 2374 habitant
1011 2333 1084 2379 en
1094 2271 1284 2401 Bara
1264 2303 1385 2409 fill
1401 2317 1465 2387 de
1449 2309 1613 2425 Joan
1617 2279 1739 2387 Pau
1730 2298 1942 2420 ferrer

375 2419 508 2524 pages
490 2437 563 2503 y
567 2405 634 2481 de
657 2392 837 2476 Maria
852 2405 1075 2511 defuncts
1083 2394 1169 2481 ab
1173 2397 1454 2521 Margarida
1450 2408 1668 2524 donsella
1672 2413 1808 2511 filla
1815 2421 1871 2492 de
1854 2393 1984 2533 Joa

383 2494 653 2588 Mirambell
647 2529 853 2629 parayre
866 2520 925 2591 de
935 2507 1171 2591 Taradell
1168 2526 1229 2591 de
1231 2520 1308 2588 dit
1316 2510 1465 2631 bisbat
1472 2523 1533 2594 de
1538 2515 1657 2596 Vich
1669 2520 1827 2629 defuct
1826 2558 1895 2618 y
1905 2531 1972 2602 de

389 2593 568 2690 Elienor

362 2702 456 2781 Dit
468 2705 549 2770 dia
567 2686 716 2770 rebere
732 2694 798 2765 de
803 2668 1015 2768 Bernat
1028 2689 1199 2765 Orriols
1217 2697 1478 2776 sombrarer
1488 2702 1555 2773 de
1562 2665 1753 2776 Premia
1768 2678 1967 2770 habitat

375 2820 442 2872 en
471 2780 675 2867 Mataro
671 2791 793 2886 fill
803 2799 856 2862 de
874 2772 1051 2902 Esteva
1072 2794 1262 2872 Orriols
1266 2810 1418 2912 pages
1409 2831 1465 2891 y
1477 2799 1553 2870 de
1552 2764 1717 2875 Paula
1732 2799 1978 2910 defuncta

383 2887 458 2963 ab
455 2893 708 3003 francisca
721 2893 911 2982 donsella
902 2890 1043 2988 filla
1063 2903 1117 2966 de
1135 2876 1336 2963 Antoni
1351 2876 1470 2963 Pau
1497 2885 1676 2966 Orriols
1667 2901 1846 2998 ferrer
1848 2911 1948 2982 de

378 2984 587 3065 Mataro
592 3016 658 3081 y
674 2994 738 3060 de
784 2992 840 3054 t

340 3080 458 3162 Dit
457 3083 552 3162 dia
567 3070 727 3159 rebere
748 3083 801 3151 de
819 3070 1021 3156 Antoni
1033 3059 1191 3151 Vidal
1198 3083 1399 3159 texidor
1412 3088 1473 3159 de
1488 3078 1563 3151 lli
1590 3053 1780 3156 habitat
1796 3107 1873 3159 en
1864 3051 2049 3207 Bara

367 3188 494 3253 viudo
518 3188 601 3258 ab
592 3161 760 3255 Anna
778 3177 977 3285 donsella
976 3179 1122 3285 filla
1140 3196 1210 3255 de
1258 3190 1328 3255 t
1395 3150 1654 3266 Brochas
1653 3222 1733 3290 y
1771 3185 1832 3258 de
1864 3182 1923 3258 t

378 3273 650 3416 defuncts
