2690 3794
367 326 658 475 Diumenge
680 389 722 427 a
737 371 798 422 2
814 334 985 411 rebere
981 347 1043 419 de
1050 320 1180 419 Pere
1201 313 1465 462 Blanquer
1483 339 1654 414 hortola
1664 344 1736 409 de
1730 305 1895 430 Bara
1883 339 2043 414 viudo

419 450 499 523 ab
510 448 793 547 Hieronyma
814 445 1007 549 donsella
1020 445 1158 544 filla
1168 453 1237 520 de
1236 437 1500 542 francesch
1513 437 1624 549 #
1642 424 1840 526 Masons
1839 434 2008 549 pages

413 554 480 621 de
487 548 763 647 Granollers
781 541 990 637 defunct
984 572 1051 634 y
1066 543 1130 611 de
1157 525 1358 608 Eularia

405 646 488 708 Dit
493 652 573 708 dia
578 641 733 714 rebere
748 638 807 708 de
825 636 996 735 Gabriel
1006 618 1144 740 Puig
1165 630 1374 743 adroguer
1382 646 1440 708 de
1456 604 1629 716 Bara
1609 628 1731 722 fill
1738 626 1808 690 de
1815 591 2041 695 Bernadi

397 723 533 847 Puig
545 755 752 841 parayre
756 737 823 807 de
836 723 1026 801 Torello
1050 723 1202 833 bisbat
1206 737 1270 796 de
1264 723 1380 801 Vich
1379 758 1446 817 y
1461 737 1520 804 de
1535 713 1835 831 Margarida
1839 707 2054 812 defuncts

416 843 483 921 ab
510 827 760 910 Theodora
776 830 1001 931 donsella
997 827 1138 923 filla
1159 830 1218 891 de
1231 803 1363 897 Pere
1382 798 1495 891 Pau
1502 792 1769 926 Busquets
1771 819 1967 929 droguer
1974 803 2052 878 de

413 917 582 1035 Bara
586 930 790 1040 defunct
767 967 842 1037 y
850 933 916 1013 de
940 920 1245 1040 Margarida

405 1034 483 1101 Dit
487 1036 568 1098 dia
581 1039 733 1104 rebere
737 1044 798 1106 de
803 1020 979 1104 Antoni
973 1031 1119 1130 Joan
1135 1026 1295 1096 Calvet
1299 1018 1448 1125 pages
1445 1020 1506 1083 de
1519 997 1602 1083 St
1602 1003 1743 1109 Genis
1752 1007 1808 1075 de
1823 989 1994 1072 Horta
1979 1007 2082 1091 fill

410 1149 480 1218 de
483 1131 638 1238 Genis
643 1120 815 1218 Calvet
825 1137 974 1242 pages
977 1123 1170 1214 defunct
1156 1143 1239 1216 y
1236 1120 1313 1204 de
1316 1116 1572 1191 Catherina
1584 1102 1668 1185 ab
1672 1087 1840 1178 Anna
1848 1105 2065 1199 donsella

402 1235 535 1329 filla
545 1243 623 1308 de
630 1227 785 1308 Vidal
789 1238 947 1300 Cava
959 1235 1097 1334 pages
1099 1225 1160 1300 de
1181 1214 1265 1287 St
1277 1211 1470 1337 Gervasi
1461 1243 1525 1300 y
1541 1219 1594 1287 de
1612 1190 1821 1281 Beneta

364 1323 596 1414 Dilluns
608 1363 648 1403 a
655 1341 708 1406 3
715 1333 856 1400 rebere
869 1339 927 1403 de
915 1328 1114 1435 Jaume
1124 1328 1292 1422 Xifre
1294 1339 1426 1435 pages
1431 1323 1498 1393 de
1516 1304 1714 1414 Gualba
1730 1296 1942 1374 habitant
1960 1323 2041 1374 en

408 1423 494 1509 St
493 1418 670 1536 Esteva
685 1437 743 1507 de
742 1426 971 1504 Vilanova
959 1423 1086 1525 fill
1105 1431 1155 1493 de
1170 1407 1344 1493 Antoni
1360 1426 1514 1504 Xifre
1527 1426 1657 1517 pages
1650 1434 1712 1499 y
1719 1413 1780 1480 de
1798 1397 2079 1501 Magdalena

411 1532 612 1629 defuncts
622 1535 692 1602 ab
704 1527 977 1621 Maryanna
987 1519 1204 1618 donsella
1201 1516 1339 1618 filla
1351 1516 1421 1584 de
1420 1490 1555 1578 Pere
1571 1503 1753 1613 Guilla
1760 1514 1898 1610 pages
1924 1495 2008 1557 de

400 1625 491 1708 St
482 1617 645 1727 Esteva
660 1635 724 1700 de
715 1620 960 1695 Vilanova
978 1609 1166 1711 defunct
1148 1638 1221 1706 y
1228 1612 1289 1679 de
1302 1591 1487 1703 Antiga

386 1718 486 1801 Dit
496 1718 584 1793 dia
603 1712 757 1793 rebere
765 1726 828 1796 de
830 1702 1015 1788 Antich
1022 1697 1174 1785 Dorda
1184 1718 1322 1822 pages
1332 1699 1415 1772 del
1414 1718 1550 1806 regne
1552 1697 1616 1764 de
1612 1689 1802 1788 franca
1809 1667 2038 1745 habitant

408 1845 469 1896 en
479 1805 749 1918 Argentona
765 1805 831 1881 ab
819 1808 998 1912 Joana
1014 1797 1226 1904 donsella
1231 1787 1385 1899 filla
1390 1795 1457 1865 de
1469 1784 1695 1891 Sebastia
1702 1774 1868 1849 Sever
1870 1784 2021 1878 pages

402 1925 461 1987 de
485 1903 692 1979 Mataro
693 1901 892 2003 defunct
877 1925 949 1992 y
946 1909 1010 1976 de
1014 1885 1278 1971 Catherina

383 2004 486 2088 Dit
482 2004 576 2077 dia
595 1991 768 2077 rebere
770 2004 834 2077 de
833 1980 977 2069 Pere
970 1996 1149 2101 Julia
1148 1986 1330 2096 ferrer
1338 1986 1410 2056 de
1428 1946 1522 2045 St
1519 1956 1687 2042 Vicens
1686 1959 1783 2037 dels
1817 1935 1969 2032 horts
1960 1959 2063 2053 fill

413 2118 472 2183 de
457 2087 590 2175 Pere
575 2097 749 2207 Julia
751 2108 905 2207 pages
891 2118 958 2193 y
967 2100 1032 2167 de
1009 2089 1199 2201 Joana
1212 2073 1448 2183 defuncts
1456 2071 1536 2146 ab
1541 2055 1788 2175 Elisabeth
1793 2057 2030 2172 donsella

402 2198 538 2300 filla
553 2208 615 2276 de
606 2203 757 2308 Joan
770 2171 979 2270 Planes
981 2198 1122 2302 pages
1127 2187 1196 2260 de
1203 2161 1295 2255 St
1299 2137 1424 2276 Boy
1425 2208 1484 2273 y
1483 2176 1542 2249 de
1535 2171 1717 2281 Joana
1727 2145 1997 2273 defuncts

392 2301 494 2379 Dit
501 2307 601 2374 dia
608 2285 788 2374 rebere
789 2296 853 2363 de
866 2259 1007 2366 Pau
1022 2272 1226 2363 Traval
1228 2299 1374 2403 pages
1382 2285 1451 2350 de
1456 2261 1542 2350 St
1535 2275 1744 2347 Sadorni
1746 2275 1810 2340 de
1831 2254 2087 2340 Subirats

413 2402 475 2475 ab
493 2384 752 2461 Catherina
762 2381 988 2496 donsella
984 2381 1138 2485 filla
1157 2386 1218 2448 de
1288 2384 1344 2443 t
1401 2368 1610 2477 Ventosa
1615 2384 1758 2477 pages
1768 2365 1835 2443 de
1826 2331 1988 2437 Pax

1966 2386 2033 2451 y
405 2505 456 2570 de
490 2495 527 2562 t
562 2492 812 2594 defuncta

378 2585 576 2655 Dimars
589 2604 634 2652 a
644 2596 708 2657 4
715 2569 875 2647 rebere
888 2582 938 2639 de
946 2545 1169 2671 Domingo
1179 2556 1347 2639 Claros
1357 2564 1511 2631 corder
1524 2567 1591 2631 de
1598 2532 1772 2647 Bara
1771 2561 1914 2631 viudo
1930 2553 2013 2629 ab

392 2659 631 2777 Philippa
633 2672 837 2777 donsella
825 2670 979 2772 filla
992 2675 1059 2750 de
1042 2672 1202 2780 Joan
1212 2638 1432 2734 Rovira
1434 2656 1648 2777 pescador
1661 2656 1736 2724 de
1738 2622 1901 2737 Bara
1883 2672 1958 2742 y
1960 2648 2033 2716 de

411 2779 675 2886 Speransa
699 2771 952 2881 defuncta

389 2882 612 2952 Dimecres
622 2900 664 2939 a
688 2887 735 2939 5
748 2856 894 2936 rebere
907 2866 963 2933 de
954 2861 1092 2952 Joan
1105 2842 1273 2923 Marti
1272 2861 1470 2960 parayre
1488 2842 1539 2909 de
1532 2837 1766 2939 Terrassa
1768 2834 1876 2925 fill
1875 2834 1942 2904 de
1944 2824 2109 2944 Guille

400 2967 573 3042 Marti
575 2983 711 3066 pages
702 2991 760 3053 y
767 2967 823 3032 de
847 2948 1136 3053 Margarida
1154 2948 1374 3047 defuncts
1398 2935 1470 3005 ab
1461 2930 1632 3029 Joana
1642 2930 1840 3029 donsella
1837 2930 1969 3032 filla
1971 2943 2030 3002 de

397 3057 584 3135 Narcis
603 3052 771 3127 Cardus
781 3065 919 3156 pages
929 3049 1018 3114 del
1028 3057 1174 3114 terme
1187 3046 1254 3117 de
1277 3038 1500 3145 Terrassa
1491 3065 1563 3127 y
1571 3041 1632 3109 de
1642 3020 1849 3135 Angela

389 3147 483 3225 Dit
487 3160 576 3217 dia
586 3147 735 3220 rebere
742 3158 790 3217 de
792 3131 1051 3244 francesch
1058 3126 1207 3206 Vilar
1212 3152 1407 3244 parayre
1409 3137 1484 3201 del
1486 3158 1621 3225 regne
1634 3139 1695 3204 de
1680 3131 1879 3230 frança
1883 3108 2073 3193 habitat

400 3267 464 3307 en
471 3229 708 3307 Sabadell
729 3235 801 3299 ab
817 3227 996 3302 Cecilia
1006 3227 1221 3337 donsella
1222 3227 1369 3323 filla
1387 3235 1448 3294 de
1475 3213 1723 3297 Melchior
1735 3208 1928 3286 March
1933 3245 2049 3286 retor=

378 3338 519 3426 sedor
529 3336 582 3400 de
597 3328 749 3395 llana
762 3349 815 3429 y
811 3328 881 3392 de
904 3325 968 3392 t
1014 3306 1223 3419 defuncts
