2690 3794
383 286 552 389 Dijous
559 317 590 358 a
603 306 670 368 23
682 288 812 358 rebere
822 304 875 365 de
885 306 993 384 joan
1003 309 1158 363 Carner
1168 312 1303 394 pages
1307 302 1372 363 de
1382 278 1454 360 St
1450 288 1613 363 Llorens
1615 299 1764 360 çavall
1765 294 1865 381 fill
1870 304 1925 358 de
1933 278 2049 360 Mot=

381 396 546 486 serrat
567 388 733 455 Carner
734 399 878 486 pages
880 414 933 489 y
929 399 993 452 de
997 377 1193 455 Eularia
1209 391 1402 481 defuncta
1439 385 1509 447 ab
1527 380 1690 449 Maria
1697 388 1898 481 donsella
1905 380 2038 476 filla

402 501 450 554 de
466 462 743 549 Barthomeu
759 482 974 575 Anglada
984 490 1108 581 pages
1121 477 1182 538 de
1192 480 1399 544 Sabadell
1414 480 1585 567 defunct
1593 495 1651 578 y
1647 485 1703 538 de
1719 464 1906 575 Antiga

389 574 475 641 Dit
482 582 560 636 dia
567 572 716 638 rebere
726 577 771 636 de
776 559 892 638 Pere
891 572 1037 664 fages
1035 567 1379 663 guadamaciler
1387 569 1457 630 del
1456 585 1583 656 regne
1587 572 1646 630 de
1642 564 1827 649 frança
1834 556 2041 633 habitant

402 685 464 727 en
474 643 626 741 Bara
625 658 708 730 ab
715 655 892 733 Maria
899 663 1056 733 viuda
1066 666 1130 730 de
1151 653 1352 764 Miquel
1371 655 1572 727 Colomer
1573 669 1720 725 corder
1727 669 1797 725 de
1823 632 1967 749 Bara

383 761 472 827 Dit
482 763 552 817 dia
559 750 703 817 rebere
718 766 768 819 de
756 755 966 856 ferriol
970 758 1133 861 Casale
1146 774 1330 827 cotxero
1335 758 1415 825 del
1406 777 1544 856 regne
1560 761 1616 822 de
1609 755 1799 846 frança
1812 745 2027 819 habitant

406 853 473 930 en
496 829 658 932 Bara
667 845 736 922 ab
742 842 1012 940 Maryanna
1025 850 1218 948 donsella
1220 843 1369 936 filla
1362 849 1437 930 de
1439 832 1550 914 Pere
1568 829 1764 919 Brunet
1760 860 1964 943 parayre
1967 841 2049 913 de

408 955 576 1013 Cellent
583 931 738 1042 bisbat
748 950 804 1006 de
803 934 913 1008 Vich
924 947 1106 1040 defunct
1099 965 1169 1032 y
1187 947 1240 1008 de
1266 937 1544 1045 Magdalena

389 1031 631 1116 Divendres
636 1065 686 1108 a
704 1055 807 1127 24
825 1041 979 1113 rebere
997 1052 1056 1116 de
1042 1044 1182 1145 Joan
1195 1028 1402 1113 Romani
1401 1060 1550 1153 pages
1565 1036 1638 1103 del
1639 1055 1775 1127 regne
1777 1034 1838 1098 de
1839 1028 2019 1124 frança

400 1126 612 1208 habitant
625 1160 694 1210 en
718 1131 977 1245 Granollers
973 1141 1053 1208 ab
1036 1152 1218 1237 Joana
1236 1146 1426 1242 donsella
1434 1134 1561 1239 filla
1576 1136 1640 1198 de
1642 1107 1840 1198 Bernat
1864 1110 1999 1195 Vidal

405 1233 535 1331 pages
532 1244 593 1297 de
600 1209 675 1297 St
677 1236 859 1300 Sadorni
861 1246 916 1305 de
926 1238 990 1297 la
1017 1220 1188 1305 Rocha
1184 1264 1254 1331 y
1253 1246 1308 1305 de
1327 1236 1572 1308 Valentina
1584 1228 1816 1339 defuncts

392 1325 469 1399 Dit
479 1327 554 1394 dia
556 1322 703 1394 rebere
718 1338 771 1405 de
763 1324 909 1433 Joan
928 1305 1074 1405 Beli
1077 1327 1256 1405 hortola
1265 1340 1350 1411 del
1345 1342 1491 1431 regne
1498 1334 1562 1407 de
1554 1332 1754 1423 frança
1759 1310 1981 1405 habitant
1980 1342 2040 1394 en

400 1409 568 1512 Bara
572 1432 650 1499 ab
666 1409 897 1528 Elisabeth
904 1430 1114 1531 donsella
1113 1427 1248 1523 filla
1264 1440 1322 1502 de
1338 1425 1528 1510 Antoni
1516 1432 1690 1541 Joells
1700 1446 1854 1510 corder
1862 1432 1928 1502 de
1930 1401 2095 1536 Bara

386 1556 437 1638 y
436 1540 499 1604 de
526 1495 727 1604 Eularia
742 1524 985 1625 defuncta

375 1632 458 1693 Dit
466 1627 546 1688 dia
559 1621 741 1688 donare
737 1627 913 1685 llicentia
896 1627 1062 1720 gratis
1066 1643 1111 1688 a
1096 1621 1245 1725 Joan
1261 1606 1443 1685 Antoni
1456 1614 1618 1717 dosseig
1628 1614 1780 1707 sastre
1796 1616 1868 1678 de
1862 1582 1964 1678 Pia
1971 1601 2057 1680 bis=

392 1716 480 1791 bat
482 1727 546 1793 de
572 1706 700 1788 Elna
729 1716 788 1788 ab
797 1703 1037 1809 Elisabeth
1066 1692 1163 1783 St
1162 1703 1366 1780 Thomas
1371 1711 1550 1777 viuda
1562 1706 1624 1780 de
1615 1706 1766 1809 Joan
1782 1687 1868 1775 St
1864 1698 2090 1780 Thomas

400 1813 543 1924 pages
542 1837 607 1890 de
627 1790 788 1911 Bara

375 1910 464 1979 Dit
468 1913 546 1977 dia
559 1903 694 1971 rebere
707 1910 757 1971 de
763 1895 873 1962 #
779 1857 950 1927 Miquel
877 1900 996 1993 font
997 1895 1152 1962 texidor
1160 1903 1214 1962 de
1215 1882 1281 1958 lli
1284 1892 1352 1962 de
1357 1873 1498 1974 Bara
1503 1875 1605 1971 fill
1612 1885 1669 1942 de
1672 1860 1799 1935 Pere
1782 1860 1924 1968 font
1926 1879 2039 1944 texi=

392 1994 483 2053 dor
490 1999 541 2056 de
548 1984 601 2053 lli
606 2018 672 2079 y
685 1994 743 2056 de
759 1978 1018 2085 Margarida
1055 1984 1122 2053 ab
1137 1984 1358 2090 Speransa
1382 1981 1561 2077 donsella
1571 1976 1690 2071 filla
1702 1976 1761 2045 de
1757 1963 2019 2071 francesch

397 2089 554 2187 jaume
556 2081 689 2190 Joan
710 2094 894 2158 sabater
904 2094 966 2155 de
978 2065 1136 2179 Bara
1129 2107 1193 2176 y
1212 2089 1273 2148 de
1294 2065 1591 2184 Hieronyma
1617 2068 1827 2176 defuncts

383 2175 579 2284 Dissapte
597 2204 634 2247 a
655 2194 749 2253 25
767 2178 908 2255 rebere
926 2191 988 2253 de
1000 2167 1130 2253 Pere
1159 2165 1393 2255 Albanell
1406 2186 1555 2279 sastre
1576 2183 1643 2250 de
1658 2178 1851 2284 Gualba
1848 2173 1961 2276 fill
1960 2181 2027 2237 de

397 2288 533 2376 juan
551 2270 782 2344 Albanell
789 2278 941 2384 pages
924 2304 988 2371 y
992 2280 1062 2355 de
1074 2265 1276 2350 Eularia
1294 2272 1489 2376 defuncts
1519 2278 1596 2342 ab
1576 2275 1778 2376 Joana
1785 2272 2008 2381 donsella

394 2375 533 2465 filla
542 2380 601 2439 de
611 2351 741 2447 Pere
742 2351 878 2481 Puig
896 2398 1037 2491 pages
1055 2385 1111 2449 de
1121 2380 1325 2497 Campins
1351 2380 1544 2481 defunct
1546 2406 1607 2491 y
1615 2390 1670 2452 de
1678 2383 1857 2491 joana

394 2477 472 2541 Dit
487 2469 563 2544 dia
578 2477 719 2549 rebere
729 2488 788 2554 de
803 2472 993 2588 Miquel
1009 2488 1223 2599 Campins
1228 2501 1372 2596 pages
1379 2488 1435 2557 de
1442 2477 1542 2560 Sta
1560 2475 1714 2546 Maria
1730 2488 1791 2549 de
1782 2453 2115 2544 Palautordera

386 2569 497 2662 fill
510 2577 568 2638 de
562 2559 703 2643 Pere
721 2577 922 2688 Campins
940 2577 1144 2651 baxador
1146 2606 1207 2672 y
1225 2582 1281 2654 de
1286 2590 1457 2683 joana
1464 2567 1690 2680 defuncta
1716 2574 1799 2651 ab
1801 2556 2035 2683 Elisabeth

402 2674 557 2741 viuda
583 2674 650 2741 de
649 2637 864 2748 Bernat
869 2653 1130 2791 Parponter
1146 2679 1435 2791 clavatayre
1458 2685 1517 2746 de
1538 2674 1638 2748 dita
1645 2666 1903 2783 parrochia

367 2779 478 2856 Dit
471 2782 563 2851 dia
583 2761 752 2851 rebere
773 2790 837 2854 de
833 2747 963 2856 Pere
967 2763 1196 2851 Peralta
1203 2803 1366 2893 pages
1382 2782 1465 2851 del
1483 2771 1610 2848 lloch
1623 2784 1698 2851 de
1705 2771 2013 2874 Sacastiella

405 2871 475 2948 del
490 2897 618 2980 regne
636 2889 692 2945 de
707 2861 862 2982 Arago
874 2865 1095 2945 habitant
1102 2897 1166 2945 en
1190 2876 1374 2945 Sarria
1376 2879 1487 2988 fill
1502 2881 1572 2953 de
1568 2853 1703 2948 Pere
1713 2858 1939 2945 Peralta
1949 2884 2016 2972 pa=

378 2984 502 3087 ges
498 2997 563 3069 y
581 2981 642 3045 de
655 2981 826 3085 joana
839 2971 1062 3079 defuncts
1083 2968 1160 3040 ab
1179 2965 1457 3074 Maryanna
1477 2968 1681 3079 donsella
1686 2971 1818 3082 filla
1831 2971 1898 3035 de
1894 2944 2052 3035 Ramo

392 3054 612 3155 Bartres
624 3086 782 3196 pages
787 3084 853 3155 de
866 3081 1059 3150 Sarria
1055 3105 1122 3176 y
1140 3084 1196 3155 de
1220 3073 1506 3174 Maryanna
1524 3068 1755 3195 defuncts

381 3175 469 3250 Dit
471 3181 549 3245 dia
567 3175 719 3247 rebere
734 3173 796 3247 de
819 3175 1015 3281 Sebastia
1047 3167 1182 3252 Comes
1192 3196 1333 3286 pages
1346 3175 1429 3247 del
1434 3202 1577 3279 regne
1584 3191 1646 3250 de
1645 3175 1827 3276 frança
1837 3165 2021 3237 habitat

397 3291 461 3334 en
482 3265 557 3337 St
570 3257 752 3339 Andreu
756 3273 818 3339 de
822 3262 1048 3344 Palomar
1055 3273 1136 3344 ab
1135 3259 1292 3349 Paula
1299 3273 1468 3373 dosella
1472 3270 1613 3371 filla
1634 3285 1693 3349 de
1692 3283 1821 3373 joan
1828 3273 1994 3378 Camps

397 3380 538 3475 pages
556 3375 612 3436 de
638 3356 875 3436 Moncada
874 3391 947 3463 y
962 3383 1015 3444 de
1036 3364 1317 3463 Maryanna
1327 3362 1558 3452 defuncts
