2690 3794
389 249 642 378 Dimecres
649 329 692 368 a
707 313 782 378 23
789 305 930 373 rebere
946 316 1004 376 de
1006 297 1193 381 Palladi
1198 316 1344 413 Spital
1338 332 1514 413 parayre
1530 305 1712 376 habitant
1711 327 1780 378 en
1793 276 1958 392 Bara

413 391 513 475 fill
537 399 590 461 de
682 393 722 456 t
795 388 955 494 Spital
954 418 1130 504 parayre
1151 402 1213 464 de
1228 402 1443 502 Campredon
1458 393 1594 483 bisbat
1604 399 1654 464 de
1661 388 1818 491 Girona
1828 388 2005 477 defunct

413 509 472 566 y
487 474 543 545 de
614 479 667 542 t
776 474 848 545 ab
858 455 1067 571 Elisabeth
1083 479 1273 571 donsella
1283 487 1418 579 filla
1434 487 1495 553 de
1488 474 1627 571 Juan
1650 482 1818 553 Sirera
1828 474 1978 545 notari

427 568 538 638 real
551 557 727 646 defunct
726 578 785 663 y
784 562 851 633 de
858 559 1073 663 Elisabeth

408 662 563 762 Dijous
570 685 612 724 a
619 672 705 743 24
723 656 853 732 rebere
861 667 913 727 de
932 656 1100 762 Gregori
1110 645 1276 732 Rocha
1283 672 1481 767 parayre
1486 662 1572 727 del
1565 672 1701 748 regne
1700 664 1764 724 de
1752 651 1923 751 frança
1930 654 2013 724 ha=

422 750 571 823 bitant
583 777 650 826 en
652 745 733 823 St
718 750 853 853 feliu
861 761 922 823 de
935 750 1103 826 Codines
1121 753 1199 821 ab
1195 745 1363 818 Eleonor
1373 750 1563 850 donsella
1571 750 1714 839 filla
1722 750 1783 812 de
1765 750 1887 842 Jua
1902 731 2016 815 Mar=

392 849 541 957 garit
537 863 735 955 parayre
745 854 809 917 de
814 852 925 914 dita
907 844 1171 963 parrochia
1192 844 1380 938 defunct
1365 873 1440 936 y
1442 852 1509 917 de
1521 846 1723 922 Eularia

408 943 631 1013 Divendres
636 956 678 998 a
688 937 779 1003 25
797 932 952 1006 rebere
957 951 1021 1008 de
1017 937 1254 1027 francesch
1269 937 1462 1032 Vinyals
1467 964 1657 1048 parayre
1669 948 1739 1013 de
1743 932 2027 1035 Sparaguera

413 1031 541 1094 viudo
559 1018 634 1086 ab
644 1015 853 1118 Elisabeth
861 1029 1051 1121 donsella
1047 1018 1188 1116 filla
1190 1039 1245 1094 de
1277 1023 1465 1129 Miquel
1469 1029 1701 1094 Cantarell
1694 1045 1988 1134 passamaner

416 1123 480 1185 de
485 1098 637 1193 Bara
611 1141 681 1204 y
685 1130 741 1185 de
745 1106 947 1185 Violant

397 1211 499 1287 Dit
501 1216 604 1282 dia
608 1203 777 1279 donare
784 1198 979 1271 llicentia
973 1206 1147 1306 gratis
1154 1222 1191 1265 a
1181 1200 1328 1298 Juan
1335 1189 1506 1306 Camps
1494 1211 1640 1319 pages
1650 1192 1728 1268 del
1732 1184 1994 1298 Hospitalet

405 1307 511 1399 fill
521 1307 579 1375 de
595 1278 705 1370 Pere
721 1294 883 1399 Camps
877 1313 1021 1410 pages
1000 1321 1064 1397 y
1066 1307 1130 1370 de
1135 1286 1287 1367 Anna
1299 1294 1509 1389 defuncts
1505 1294 1585 1375 ab
1587 1272 1928 1367 Barthomeua
1930 1294 2071 1367 viuda

425 1407 483 1472 de
501 1374 692 1467 Bernat
693 1366 807 1467 Bri
811 1409 947 1496 pages

405 1487 497 1568 Dit
504 1498 607 1571 dia
619 1490 774 1568 rebere
781 1500 837 1568 de
847 1479 1021 1598 Glaudi
1042 1473 1232 1595 Lleuger
1250 1484 1415 1555 texidor
1431 1487 1489 1555 de
1497 1471 1566 1560 lli
1576 1487 1648 1555 del
1650 1506 1775 1582 regne
1782 1487 1838 1552 de
1837 1481 2021 1577 frança

430 1583 631 1668 habitant
647 1616 713 1665 en
726 1589 922 1665 Sarria
943 1581 1021 1665 ab
1042 1581 1317 1681 Hieronyma
1321 1586 1533 1686 donsella
1524 1576 1659 1681 filla
1672 1583 1733 1662 de
1749 1567 1983 1649 Antoni

383 1680 557 1815 Isach
572 1688 730 1786 mestre
742 1690 804 1753 de
814 1683 944 1788 cases
957 1690 1015 1753 de
1028 1680 1213 1756 Sarria
1209 1704 1273 1783 y
1272 1693 1339 1764 de
1351 1672 1577 1775 Miquela

408 1782 502 1852 Dit
507 1790 601 1858 dia
614 1776 777 1855 rebere
787 1790 842 1855 de
830 1779 985 1885 Juan
992 1771 1174 1863 Torres
1181 1779 1352 1858 hortola
1371 1787 1429 1858 de
1436 1758 1607 1890 Bara
1606 1771 1723 1877 fill
1722 1782 1783 1850 de
1779 1782 1958 1885 Juan

413 1876 598 1960 Torres
614 1878 785 1946 hortola
776 1902 840 1973 y
841 1886 905 1954 de
912 1857 1128 1946 Beneta
1146 1876 1344 1968 defuncts
1357 1865 1435 1946 ab
1414 1878 1591 1973 Juana
1615 1865 1772 1973 Ponsa
1779 1878 1939 1954 viuda

427 1983 499 2053 de
487 1967 653 2059 Vicens
660 1953 798 2048 Pons
822 1967 998 2045 hortela
1022 1972 1084 2045 de
1099 1945 1254 2061 Bara

397 2077 618 2179 Dissapte
627 2090 670 2137 a
688 2068 782 2144 26
789 2068 936 2144 rebere
943 2071 1023 2147 del
1042 2055 1122 2147 Sr
1113 2052 1284 2142 Arnan
1283 2042 1561 2169 Belasques
1549 2085 1616 2161 y
1612 2077 1676 2144 de
1686 2068 1840 2166 Ortega
1850 2068 2043 2131 cavaller

425 2189 480 2247 de
490 2181 546 2244 la
562 2176 683 2247 vila
702 2178 763 2241 de
770 2173 968 2276 Quellar
978 2186 1043 2238 en
1050 2165 1100 2241 lo
1113 2181 1254 2270 regne
1275 2168 1336 2238 de
1351 2173 1528 2270 Castella
1546 2173 1679 2244 viudo
1700 2173 1778 2233 ab
1785 2160 1849 2230 la
1867 2130 2002 2230 Sra

404 2261 546 2343 Dona
559 2254 828 2356 Maryanna
847 2261 1051 2359 donsella
1055 2254 1199 2356 filla
1206 2261 1267 2332 de
1272 2261 1366 2343 don
1354 2269 1506 2373 Juan
1519 2246 1698 2364 Rogel
1678 2291 1747 2364 y
1760 2275 1816 2340 de
1824 2261 1951 2350 dona

408 2339 612 2431 Beatris
627 2374 686 2431 de
699 2358 903 2472 Camargo
910 2361 1119 2461 defuncts
1118 2372 1177 2429 de
1192 2355 1254 2429 la
1261 2369 1366 2439 vila
1387 2372 1443 2437 de
1453 2363 1621 2439 Olmedo
1637 2379 1695 2439 de
1705 2372 1772 2439 dit
1782 2385 1961 2477 regne

405 2463 587 2528 Dimars
606 2484 642 2520 a
655 2473 733 2547 29
756 2455 905 2525 rebere
904 2463 960 2522 de
973 2430 1081 2525 Pau
1099 2457 1226 2525 Soler
1231 2463 1426 2563 pescador
1425 2465 1478 2522 de
1483 2438 1728 2525 Badalona
1722 2455 1838 2547 fill
1842 2463 1898 2517 de
1889 2446 2021 2552 franch

438 2551 565 2616 Soler
575 2556 766 2656 pescador
770 2551 826 2613 de
844 2527 1092 2605 Badalona
1121 2546 1281 2630 defunct
1294 2554 1336 2640 y
1335 2543 1396 2600 de
1425 2540 1668 2613 Catherina
1694 2538 1766 2611 ab
1774 2529 1964 2613 Maria

433 2639 623 2734 donsella
622 2637 768 2731 filla
781 2645 834 2705 de
836 2618 993 2702 Benet
1017 2631 1256 2729 Montagut
1261 2631 1440 2739 pescador
1442 2631 1492 2683 de
1502 2604 1651 2721 Bara
1656 2623 1824 2718 defunct
1812 2658 1871 2721 y
1875 2637 1928 2694 de
1911 2626 2063 2729 Juana

413 2730 497 2801 Dit
501 2738 579 2793 dia
589 2722 733 2796 rebere
740 2736 793 2793 de
803 2730 952 2820 Onofre
970 2722 1128 2793 Serda
1140 2744 1322 2828 parayre
1332 2733 1396 2793 de
1401 2696 1553 2809 Bara
1535 2717 1646 2820 fill
1650 2730 1709 2785 de
1702 2698 1818 2785 Pau
1839 2720 1975 2791 Serda

425 2838 628 2922 parayre
619 2843 678 2908 y
691 2819 881 2887 corredor
891 2824 938 2882 de
943 2814 1086 2882 orella
1099 2819 1160 2890 de
1168 2781 1330 2903 Bara
1316 2835 1383 2898 y
1387 2821 1446 2879 de
1469 2798 1679 2908 Elisabeth
1694 2800 1766 2876 ab
1752 2792 1961 2908 Isabel

419 2902 584 2983 Anna
586 2905 796 3013 donsella
789 2902 938 3010 filla
957 2913 1021 2973 de
1020 2897 1281 3008 francesch
1291 2894 1440 2965 Scola
1453 2897 1659 2965 mercader
1664 2897 1728 2959 de
1746 2862 1879 2970 Bara
1875 2864 1997 2975 defuct

405 3039 469 3109 y
474 3012 541 3077 de
548 2982 730 3074 Paula

416 3098 480 3152 Dit
490 3090 573 3157 dia
592 3073 741 3150 rebere
748 3082 809 3144 de
819 3071 1048 3163 francesch
1072 3068 1182 3136 Oms
1190 3084 1325 3163 pages
1329 3073 1388 3126 de
1406 3055 1588 3126 LLerona
1598 3060 1687 3144 fill
1692 3063 1747 3123 de
1757 3047 1939 3120 Antoni
1944 3063 2043 3120 Oms

425 3183 565 3273 pages
570 3173 620 3233 de
641 3156 826 3222 Llerona
808 3183 875 3243 y
880 3170 930 3225 de
940 3149 1111 3252 Antiga
1140 3151 1319 3238 defuncts
1351 3143 1418 3214 ab
1417 3133 1588 3217 Maria
1595 3138 1791 3238 donsella
1793 3135 1912 3238 filla
1922 3133 1988 3206 de

474 3277 524 3337 t
606 3248 733 3351 Cosco
740 3248 870 3353 pages
874 3261 930 3321 de
932 3229 1232 3324 Palaudaries
1222 3267 1295 3340 y
1307 3240 1369 3316 de
1420 3251 1473 3308 t
1582 3240 1805 3337 defuncta
