2690 3794
405 316 627 427 Dissapte
641 346 686 387 a
696 337 758 393 21
776 305 918 383 rebere
926 312 979 380 de
987 286 1104 378 Pere
1124 305 1309 387 Martell
1312 314 1471 380 texidor
1481 303 1528 372 de
1537 305 1604 376 lli
1616 308 1688 378 del
1681 335 1811 399 regne
1807 324 1868 383 de
1862 322 2017 406 frança

449 419 659 496 habitant
666 436 726 484 en
734 413 901 501 Aulesa
909 407 960 473 de
970 392 1228 499 Montserrat
1244 402 1319 471 ab
1314 390 1467 475 Paula
1474 398 1640 501 donsella
1639 407 1764 496 filla
1776 411 1832 475 de
1835 405 2009 505 Gabriel

438 502 591 591 Pallol
586 529 720 623 pages
740 517 789 575 de
795 502 891 575 dita
892 500 1121 612 parrochia
1111 527 1174 594 y
1183 504 1241 568 de
1326 500 1365 568 t

440 618 507 686 Dit
518 620 593 680 dia
603 607 743 676 rebere
744 618 800 676 de
812 605 1033 687 Hieronym
1044 588 1201 663 Rovira
1206 620 1374 697 parayre
1379 603 1433 661 de
1447 590 1629 682 Terrassa
1624 593 1716 676 fill
1723 593 1773 650 de
1782 569 1992 636 Matheu

440 696 600 773 Rovira
611 706 739 792 sastre
744 694 800 762 de
799 692 986 787 Terrassa
989 710 1043 775 y
1050 692 1100 754 de
1113 671 1309 773 Elisabeth
1322 681 1397 752 ab
1409 673 1663 779 Margarida
1662 675 1855 773 donsella
1843 671 1981 767 filla

443 806 496 864 de
504 797 678 891 Guillem
702 789 809 876 Costa
803 788 964 878 fuster
964 789 1134 878 defunct
1126 806 1182 866 y
1191 786 1243 849 de
1248 789 1403 874 Antiga
1417 789 1503 842 tots
1519 782 1572 840 de
1576 776 1669 842 dita
1683 778 1785 838 vila

436 886 507 948 Dit
514 886 583 944 dia
595 875 728 941 rebere
744 882 800 941 de
797 877 933 963 Juan
940 865 1155 965 Anglada
1162 888 1285 971 pages
1299 871 1353 937 del
1356 879 1486 967 regne
1502 875 1557 941 de
1552 871 1733 965 frança
1746 860 1973 935 habitant

440 994 501 1039 en
510 953 593 1039 Sta
565 962 669 1053 Creu
675 968 756 1034 del
757 968 851 1034 orde
871 960 939 1032 ab
945 953 1074 1026 Anna
1078 962 1254 1053 donsella
1261 962 1380 1049 filla
1386 957 1439 1024 de
1451 947 1564 1032 Pere
1561 964 1720 1053 faura
1723 976 1857 1066 pages
1871 957 1973 1026 de

443 1061 583 1138 Molin
580 1075 633 1134 de
641 1074 724 1150 rey
731 1063 906 1150 defunct
900 1084 960 1146 y
959 1065 1019 1129 de
1031 1031 1239 1129 Beneta

434 1162 505 1233 Dit
508 1168 576 1226 dia
595 1162 726 1229 rebere
740 1168 789 1231 de
782 1171 901 1245 Juan
917 1141 1053 1224 Baro
1059 1171 1264 1226 tavarner
1274 1158 1347 1226 del
1343 1175 1473 1249 regne
1476 1154 1528 1216 de
1516 1149 1690 1243 frança
1710 1145 1897 1212 habitant
1902 1152 1975 1212 en

436 1244 587 1334 Bara
588 1253 657 1326 ab
658 1251 859 1347 Elisabeth
866 1253 1049 1341 donsella
1056 1253 1174 1345 filla
1191 1253 1237 1317 de
1253 1238 1403 1313 Antich
1409 1240 1659 1315 Valldranes
1668 1238 1808 1336 pages
1801 1238 1855 1303 de
1873 1225 2013 1298 Ebrera

432 1373 486 1431 y
495 1356 551 1412 de
563 1356 709 1437 Antiga

423 1434 625 1522 Diumenge
637 1453 671 1490 a
681 1436 768 1492 22
791 1411 935 1480 rebere
940 1420 984 1476 de
1004 1394 1114 1478 Pere
1134 1413 1292 1478 Semoler
1295 1413 1422 1505 sastre
1441 1405 1490 1471 de
1504 1384 1644 1490 Bara
1647 1411 1773 1473 viudo
1786 1407 1857 1476 ab
1860 1401 1998 1478 Mari=

428 1542 549 1581 anna
565 1513 745 1608 donsella
753 1510 887 1600 filla
896 1510 956 1570 de
947 1502 1171 1594 francesch
1191 1485 1385 1568 Balcells
1388 1502 1543 1562 texidor
1552 1506 1600 1566 de
1614 1498 1665 1562 lli
1679 1504 1724 1562 de
1732 1483 1863 1581 Bara
1862 1504 2024 1591 defunct

413 1633 471 1697 y
472 1612 524 1678 de
516 1610 680 1703 Juana

417 1690 496 1762 Dit
502 1700 581 1760 dia
588 1679 735 1756 rebere
727 1694 775 1754 de
784 1687 916 1760 Vicens
924 1686 1100 1771 Vinyals
1111 1698 1233 1784 pages
1238 1683 1290 1750 de
1301 1681 1460 1743 Sarria
1455 1667 1551 1771 fill
1563 1671 1612 1731 de
1624 1650 1891 1731 Barthomeu
1905 1652 2064 1743 Vinyals

412 1777 576 1904 pages
575 1788 747 1885 defunct
738 1810 802 1874 y
812 1789 863 1853 de
881 1776 1100 1887 Thomasa
1124 1783 1186 1845 ab
1202 1770 1454 1857 Hieronyma
1462 1764 1644 1864 donsella
1654 1764 1764 1857 filla
1780 1766 1836 1830 de
1856 1740 1992 1824 Mont=

400 1894 576 1995 serrat
565 1894 718 1990 Jover
702 1888 863 1984 sastre
877 1888 1051 1984 defunct
1031 1903 1095 1971 y
1113 1886 1165 1950 de
1185 1860 1465 1969 Hieronyma

419 1982 601 2052 Dimecres
603 2004 637 2052 a
657 1993 743 2049 25
751 1974 911 2052 rebere
891 1985 979 2082 de
976 1974 1149 2079 Joseph
1157 1969 1330 2047 Nadal
1335 1974 1563 2049 matalafer
1571 1969 1621 2033 de
1634 1936 1764 2041 Bara
1760 1955 1863 2044 fill
1870 1952 1948 2025 de

419 2084 571 2173 Agusti
592 2073 752 2143 Nadal
751 2076 977 2173 flassader
973 2081 1144 2143 vivint
1137 2089 1199 2164 y
1212 2073 1267 2137 de
1294 2054 1553 2154 Hieronyma
1568 2054 1769 2159 defuncta
1790 2037 1865 2123 ab
1883 2024 2002 2118 Eula=

416 2180 499 2244 ria
518 2169 708 2271 donsella
718 2163 856 2260 filla
861 2172 919 2236 de
929 2158 1086 2236 Antoni
1107 2150 1237 2236 Oriol
1228 2180 1429 2277 parayre
1445 2161 1509 2228 de
1516 2136 1659 2247 Bara
1661 2144 1824 2241 defunct
1807 2163 1879 2241 y
1889 2153 1961 2217 de

419 2265 700 2367 Margarida

405 2358 483 2414 Dit
482 2350 554 2420 dia
556 2334 694 2420 rebere
699 2355 760 2409 de
765 2328 927 2414 Bernat
940 2323 1067 2442 Aset
1076 2354 1205 2445 pages
1223 2339 1284 2399 del
1296 2351 1413 2424 regne
1427 2337 1476 2393 de
1479 2324 1648 2412 frança
1664 2320 1850 2388 habitant
1857 2341 1945 2388 en

434 2444 593 2500 Sarria
624 2433 686 2495 ab
699 2429 898 2489 Catherina
918 2433 1091 2525 donsella
1096 2431 1203 2525 filla
1229 2433 1278 2489 de
1271 2404 1379 2481 Pere
1403 2425 1594 2483 Orellana
1584 2425 1720 2508 sastre
1733 2423 1783 2485 de
1803 2412 1900 2466 Sort
1914 2408 2035 2494 bisbat

428 2538 482 2592 de
483 2530 608 2628 Urgell
605 2560 656 2613 y
664 2534 715 2592 de
733 2505 883 2586 Paula
916 2530 1095 2607 defuncts

413 2611 499 2691 Dit
507 2618 582 2686 dia
597 2602 735 2686 rebere
742 2627 798 2694 de
797 2611 916 2710 Jua
922 2595 1028 2693 Pau
1048 2595 1228 2687 Rovira
1244 2608 1407 2676 texidor
1420 2610 1474 2668 de
1483 2600 1606 2666 llana
1626 2610 1680 2670 de
1704 2595 1894 2666 Sabadell
1891 2593 2016 2691 fill

426 2724 477 2779 de
476 2694 593 2779 Pere
605 2688 719 2775 Pau
744 2694 923 2773 Rovira
935 2734 1129 2813 parayre
1141 2707 1318 2792 defunct
1307 2730 1362 2794 y
1368 2700 1430 2773 de
1450 2684 1711 2786 Maryanna
1727 2681 1957 2786 donsella

401 2799 524 2887 filla
538 2808 589 2865 de
615 2801 746 2865 Steve
767 2791 921 2893 Dostas
939 2818 1097 2872 texidor
1111 2810 1165 2863 de
1179 2804 1310 2861 llana
1305 2829 1360 2888 y
1380 2804 1434 2865 de
1422 2795 1617 2899 Juana
1637 2806 1722 2863 tots
1735 2797 1789 2859 de
1796 2789 1892 2859 dita
1897 2787 2003 2855 vila

405 2887 557 2982 Dijous
565 2903 625 2963 a
619 2895 715 2958 26
709 2890 854 2958 rebere
855 2898 916 2960 de
921 2893 1122 2987 Sebastia
1140 2893 1267 2993 Guell
1266 2915 1396 2990 pages
1396 2892 1464 2966 de
1461 2890 1659 2962 Torrelles
1654 2882 1768 2975 fill
1759 2882 1828 2966 de
1815 2890 1988 2990 jaume

411 2978 541 3072 Guell
545 2989 678 3072 pages
685 2989 862 3078 defunct
855 3013 913 3080 y
921 2992 977 3053 de
992 2981 1160 3080 Antiga
1181 2981 1254 3053 ab
1261 2978 1520 3083 Margarida
1541 2981 1709 3080 dosella
1700 2981 1840 3080 filla
1864 2967 1964 3045 de

402 3079 533 3171 juan
545 3057 705 3143 Palau
704 3101 842 3195 pages
839 3107 900 3171 y
910 3090 968 3154 de
989 3074 1245 3193 Magdalena
1253 3085 1459 3185 defuncta
1469 3088 1563 3157 tots
1571 3088 1627 3154 de
1639 3079 1742 3160 dita
1749 3071 2019 3195 parrochia

389 3159 563 3250 Dissapte
567 3189 604 3231 a
619 3170 703 3234 28
721 3167 859 3234 rebere
866 3175 919 3234 de
926 3164 1051 3250 Luys
1058 3156 1130 3237 Pi
1121 3173 1265 3259 sastre
1275 3175 1322 3239 de
1335 3148 1470 3253 Bara
1464 3162 1561 3253 fill
1557 3170 1618 3237 de
1626 3167 1890 3256 Montserrat
1889 3151 1975 3237 Pi

389 3249 527 3330 sastre
515 3263 568 3324 y
567 3249 626 3311 de
630 3241 809 3311 Monica
819 3249 1023 3330 defuncts
1042 3249 1106 3311 ab
1118 3244 1322 3313 Madrona
1321 3247 1506 3333 #
1502 3238 1629 3341 #
1637 3236 1794 3308 viuda
1809 3241 1865 3308 de
1848 3247 2019 3341 jaume

397 3312 615 3396 domenech
636 3323 807 3396 sabater
