2690 3794
382 241 538 355 Dijous
550 282 594 320 a
606 266 683 325 28
693 255 755 325 de
758 255 816 328 dit
826 239 985 326 rebere
984 261 1036 323 de
1020 262 1158 353 Juan
1170 241 1398 327 Bellmunt
1402 252 1562 361 brasser
1570 269 1635 334 del
1637 277 1766 361 regne
1769 264 1831 337 de
1818 269 2008 365 fransa

414 343 598 405 habitant
612 361 672 406 en
680 332 824 423 Bara
825 348 898 408 ab
903 339 1147 421 Hieronyma
1157 348 1337 430 donsella
1329 352 1443 434 filla
1461 352 1505 416 de
1514 358 1658 442 joseph
1659 354 1792 417 Soler
1797 361 1954 444 sastre

405 444 466 508 de
469 429 589 506 Valls
580 467 643 528 y
652 444 704 512 de
724 435 958 506 Catherina
971 437 1192 526 defuncts

386 540 606 611 Divendres
620 566 659 606 a
673 553 743 622 29
761 539 915 608 rebere
912 546 964 608 de
971 529 1136 604 Antoni
1144 533 1349 634 Cabrisses
1361 533 1526 622 botiguer
1536 527 1585 587 de
1591 531 1696 595 telas
1706 535 1754 591 de
1768 529 1941 617 Castello

405 636 449 693 de
467 618 679 724 Empuries
703 621 889 694 habitant
905 657 972 696 en
988 610 1139 709 Bara
1133 634 1258 698 viudo
1286 627 1351 685 ab
1367 612 1634 730 Magdalena
1642 623 1786 683 viuda
1804 620 1871 685 de
1908 625 1954 682 t

394 734 598 800 Matali
601 743 838 827 negociant
852 734 975 798 mori
991 753 1055 794 en
1073 704 1255 822 Bara

363 819 502 912 Dit
496 819 587 879 die
597 813 798 885 reberem
784 815 862 883 de
865 810 1096 923 Miquel
1088 808 1319 912 Galvany
1335 823 1569 905 revenedor
1565 823 1637 879 de
1634 778 1803 912 Bara
1761 797 1894 899 fill
1887 804 1973 873 de

411 880 625 957 Salvador
642 878 840 984 Galvany
859 882 1139 951 revenedor
1121 878 1279 969 defut
1239 907 1319 988 y
1318 867 1405 942 de
1404 863 1647 940 Petronilla
1680 882 1762 951 ab
1755 872 2045 977 Mariagela

401 954 574 1038 dosella
569 948 704 1032 filla
699 957 779 1029 de
788 950 1011 1010 Maurici
1018 943 1208 1025 Molins
1223 961 1409 1021 tintorer
1406 946 1475 1012 de
1459 941 1611 1054 draps
1612 952 1679 1010 de
1666 928 1807 1042 Bara
1763 974 1845 1043 y
1849 937 1960 1008 de

388 1035 619 1108 Francisca
610 1024 806 1115 defunts

397 1135 472 1200 dit
477 1127 557 1196 dia
560 1126 711 1196 rebere
726 1131 787 1196 de
784 1109 1045 1211 francesch
1027 1111 1256 1211 figueres
1274 1131 1417 1219 pages
1433 1122 1485 1180 de
1502 1085 1656 1202 Bara
1650 1116 1796 1183 viudo
1810 1107 1888 1176 ab
1889 1107 2037 1211 Mag=

401 1220 572 1296 dalena
595 1223 792 1322 donsella
786 1221 934 1317 filla
954 1229 1004 1290 de
995 1221 1113 1328 Jua
1135 1205 1304 1294 Planes
1321 1221 1503 1287 corredor
1519 1221 1573 1281 de
1584 1216 1733 1278 orella
1719 1236 1786 1296 y
1791 1214 1854 1276 de
1868 1190 1998 1290 Elisa=

412 1319 521 1392 beth
529 1325 759 1407 defuncta

397 1400 613 1527 Diumege
637 1434 678 1482 a
686 1417 757 1484 31
771 1395 932 1475 rebere
952 1410 1004 1475 de
1001 1395 1117 1499 Jua
1131 1373 1349 1464 Baldiri
1351 1417 1537 1501 parayre
1555 1400 1615 1460 de
1616 1387 1762 1460 Livia
1772 1387 1996 1457 habitant

407 1539 466 1582 en
484 1491 636 1599 Bara
625 1500 747 1597 fill
754 1502 809 1577 de
808 1493 926 1603 Jua
956 1476 1166 1564 Baldiri
1163 1508 1305 1604 pages
1318 1500 1369 1567 de
1387 1481 1522 1562 Livia
1502 1519 1577 1588 y
1587 1504 1639 1566 de
1636 1485 1817 1588 Juana
1831 1459 2082 1569 defuncts

409 1605 487 1676 ab
499 1605 789 1712 Magdalena
807 1605 1021 1693 donsella
1008 1579 1153 1684 filla
1172 1598 1226 1671 de
1237 1585 1434 1669 Andreu
1446 1590 1598 1663 Cornet
1602 1605 1754 1706 pages
1763 1596 1818 1660 de
1832 1587 2035 1680 Manresa

373 1734 444 1808 y
444 1716 498 1780 de
522 1709 792 1778 Salvadora
823 1701 1032 1796 defuncts

407 1805 468 1876 dit
480 1808 547 1872 dia
563 1795 710 1870 rebere
727 1807 779 1866 de
778 1794 1026 1894 francesch
1046 1773 1236 1853 Romeu
1242 1801 1373 1885 pages
1393 1782 1449 1850 de
1453 1760 1558 1846 Sta
1557 1771 1815 1870 Margarida
1827 1773 1909 1841 del
1908 1751 2003 1839 Pa=

407 1895 564 1968 naders
569 1893 679 1981 fill
684 1903 732 1960 de
752 1880 926 1960 Antoni
944 1876 1136 1960 Romeu
1142 1901 1270 1990 pages
1280 1884 1336 1953 de
1348 1876 1443 1946 dita
1453 1875 1683 1988 parrochia
1699 1878 1865 1959 defunct
1842 1901 1903 1966 y
1904 1871 1973 1938 de

411 1997 645 2066 Catherina
667 1995 738 2060 ab
742 1993 990 2082 Maryanna
1006 1989 1192 2088 donsella
1195 1989 1328 2069 filla
1342 1982 1402 2045 de
1421 1972 1590 2068 Gabriel
1606 1965 1832 2040 Llantanos
1838 1991 2024 2077 parayre

407 2104 466 2167 de
482 2085 642 2165 Cellent
658 2085 794 2193 bisbat
814 2098 876 2158 de
871 2085 989 2154 Vich
978 2117 1042 2182 y
1054 2089 1115 2154 de
1116 2087 1356 2167 francina

403 2187 468 2259 dit
480 2196 555 2252 dia
561 2187 710 2254 rebere
710 2190 768 2254 de
778 2170 872 2252 Pau
893 2166 1058 2252 #
952 2140 1126 2214 Brayda
1069 2190 1240 2256 moliner
1250 2189 1309 2250 de
1323 2162 1511 2269 Bigues
1489 2170 1602 2269 fill
1601 2177 1656 2245 de
1676 2168 1962 2267 Montserrat

394 2270 572 2363 Brayda
586 2279 770 2343 moliner
788 2275 838 2344 de
850 2277 945 2341 dita
950 2275 1173 2374 parrochia
1178 2303 1228 2355 y
1237 2279 1292 2344 de
1299 2262 1466 2339 Eularia
1484 2268 1675 2354 defuncts
1683 2272 1754 2332 ab
1765 2258 2052 2352 Montserrada

397 2379 576 2472 donsella
573 2367 698 2463 filla
716 2366 770 2433 de
791 2349 972 2437 Bernat
986 2360 1155 2437 Traver
1169 2384 1300 2474 pages
1310 2375 1366 2435 de
1370 2366 1460 2429 dita
1465 2353 1715 2464 parrochia
1697 2379 1768 2451 y
1774 2351 1832 2418 de
1844 2343 2026 2453 Antiga

395 2473 608 2564 defuncta
