2690 3794
405 302 551 397 Dijous
554 340 589 372 a
599 323 661 367 17
681 304 812 372 rebere
828 321 885 372 de
900 291 1012 372 Pere
1024 310 1191 378 Bonet
1188 317 1395 406 serrador
1411 317 1482 370 del
1484 330 1617 397 regne
1632 314 1680 369 de
1671 312 1823 393 fransa
1839 295 1996 374 habitat

415 424 472 466 en
488 386 650 483 Bara
666 399 732 458 ab
750 396 998 496 Margarida
1022 397 1202 490 donsella
1205 399 1327 483 filla
1347 407 1404 466 de
1413 385 1525 464 Pere
1550 396 1734 464 Molner
1732 420 1876 501 porter
1871 403 1981 458 real

390 523 451 568 y
464 504 514 550 de
533 486 778 550 Catherina

409 573 476 638 dit
477 573 546 632 dia
558 564 693 632 rebere
705 581 757 632 de
756 577 893 668 Juan
905 558 1100 644 Roman
1109 590 1242 673 pages
1258 575 1334 632 del
1341 556 1500 658 Regne
1518 573 1568 628 de
1567 566 1746 666 fransa
1758 567 1951 638 habitant

411 687 472 729 en
494 665 670 754 Gualba
688 661 763 724 ab
756 659 929 754 Antiga
935 674 1078 733 viuda
1094 680 1142 735 de
1160 668 1334 761 Gabriel
1349 661 1512 729 Viader
1528 667 1616 735 als
1624 667 1867 757 masferrer
1873 668 1948 731 de

403 760 502 825 dita
509 756 732 862 parrochia
754 758 812 815 de
832 751 998 851 Gualba

407 841 471 897 dit
470 852 534 897 dia
547 828 686 900 rebere
697 844 750 903 de
763 828 869 905 Pere
866 846 997 939 Juan
1010 822 1152 938 Pages
1176 855 1306 942 pages
1317 843 1368 905 de
1380 828 1462 905 St
1436 834 1614 924 Climent
1617 841 1669 905 de
1674 836 1847 938 llobregat
1853 830 1946 932 fill

410 934 461 985 de
479 920 623 1022 Guille
620 909 758 1021 Pages
773 947 894 1024 pages
901 937 954 996 de
959 932 1057 996 dita
1059 926 1263 1028 parrochia
1254 953 1312 1009 y
1326 931 1372 993 de
1382 916 1546 1013 Angela
1572 925 1641 985 ab
1652 920 1933 1015 Margarida

407 1014 581 1102 donsella
596 1008 719 1094 filla
746 1020 792 1077 de
892 1023 924 1079 t
1001 1002 1137 1086 Tries
1154 1024 1296 1108 mestre
1305 1023 1356 1080 de
1356 1024 1465 1108 cases
1481 1015 1531 1076 de
1548 1006 1626 1080 St
1617 1000 1774 1107 Esteva
1779 1012 1833 1074 de
1843 1005 2002 1073 Cervello

406 1100 572 1187 defunct
574 1122 633 1186 y
646 1100 696 1160 de
694 1096 855 1186 Juana

391 1188 604 1253 Divendres
613 1209 654 1248 a
671 1199 725 1257 18
733 1173 870 1246 rebere
878 1191 928 1241 de
919 1181 1041 1266 Juan
1059 1175 1212 1248 Torres
1220 1199 1343 1279 pages
1352 1180 1555 1248 habitant
1568 1208 1626 1245 en
1637 1185 1834 1246 Sabadell
1836 1177 1944 1263 fill

400 1282 457 1341 de
479 1256 667 1336 Bernat
682 1266 839 1336 Torres
847 1269 986 1369 pages
989 1271 1034 1327 de
1052 1264 1185 1351 Moya
1206 1266 1329 1365 bisbat
1348 1274 1399 1325 de
1404 1259 1498 1327 Vich
1492 1295 1540 1351 y
1550 1272 1606 1328 de
1620 1259 1789 1358 Antiga
1806 1248 1955 1346 defucts

400 1361 464 1417 ab
480 1357 736 1455 Margarida
740 1362 931 1446 donsella
934 1357 1060 1449 filla
1081 1361 1127 1421 de
1125 1359 1249 1457 Juan
1258 1341 1449 1448 Argemir
1450 1365 1574 1455 pages
1589 1368 1639 1420 de
1641 1350 1823 1417 Sabadell
1818 1377 1876 1433 y
1876 1352 1927 1410 de

394 1439 598 1543 Aldonsa
627 1450 814 1528 defuncts

398 1549 462 1608 dit
469 1546 531 1601 dia
544 1543 678 1606 #
695 1550 744 1598 #
518 1507 640 1559 donare
640 1513 782 1562 llicentia
759 1538 928 1624 Gaspar
950 1530 1068 1598 Sola
1075 1554 1245 1636 parayre
1266 1528 1458 1603 habitant
1465 1555 1523 1599 en
1531 1521 1696 1618 Bara
1671 1533 1780 1629 fill
1788 1543 1839 1598 de
1855 1527 1996 1622 Gaspar

398 1629 507 1697 Sola
515 1647 696 1726 parayre
690 1652 744 1715 y
766 1625 817 1689 de
838 1600 1054 1708 Elisabeth
1094 1617 1166 1689 ab
1152 1621 1391 1716 francisca
1406 1618 1596 1716 donsella
1597 1625 1735 1721 filla
1756 1624 1807 1692 de
1799 1616 1953 1719 Juan

399 1703 533 1798 Baro
547 1728 695 1818 daguer
698 1750 748 1809 y
770 1723 827 1784 de
827 1698 982 1779 Paula
1000 1720 1221 1803 defuncta

404 1817 468 1876 dit
469 1816 544 1872 dia
545 1808 683 1877 rebere
694 1816 747 1877 de
751 1805 916 1873 Antoni
930 1801 1111 1872 Marcus
1119 1820 1246 1904 pages
1264 1798 1452 1862 habitant
1462 1820 1513 1865 en
1519 1796 1593 1871 St
1592 1794 1731 1866 Vicens
1737 1801 1826 1866 dels
1837 1788 1952 1865 horts

395 1907 544 1960 natural
557 1901 610 1959 de
620 1887 790 1982 Algerri
804 1887 939 1990 bisbat
949 1899 998 1957 de
1007 1887 1132 1980 Urgell
1131 1884 1229 1975 fill
1237 1896 1288 1955 de
1314 1870 1566 1943 Barthomeu
1585 1881 1751 1942 Marcus
1748 1893 1875 1972 pages
1878 1878 1945 1940 de

390 1985 476 2045 dita
472 1978 575 2041 vila
575 1981 630 2041 de
643 1966 809 2060 Algerri
793 2006 853 2066 y
873 1982 927 2044 de
937 1977 1175 2065 Margarida
1190 1981 1374 2072 defuncts
1396 1970 1460 2029 ab
1466 1961 1670 2054 Elisabeth
1668 1975 1817 2058 dosella
1809 1967 1940 2058 filla

392 2073 441 2136 de
450 2057 710 2132 Barthomeu
728 2051 889 2130 Llanas
886 2084 1019 2168 pages
1025 2071 1073 2127 de
1080 2059 1143 2128 St
1147 2059 1286 2127 Vicens
1276 2091 1327 2145 y
1333 2068 1391 2125 de
1390 2056 1592 2139 francina
1599 2060 1799 2139 defuncta

386 2169 450 2231 dit
457 2170 530 2226 dia
536 2153 680 2228 rebere
700 2163 745 2225 de
763 2155 1003 2259 Montserrat
1027 2151 1154 2227 Mas
1160 2171 1301 2266 pages
1309 2159 1356 2222 de
1382 2154 1534 2255 Gelida
1534 2154 1626 2249 fill
1639 2156 1690 2217 de
1704 2131 1869 2215 Benet
1876 2144 1987 2215 Mas

381 2261 510 2352 pages
505 2280 560 2337 y
575 2256 621 2316 de
629 2250 852 2333 francina
870 2256 1068 2344 defuncts
1081 2256 1150 2316 ab
1165 2242 1345 2318 Eularia
1363 2254 1563 2349 donsella
1566 2249 1696 2336 filla
1714 2250 1766 2310 de
1760 2205 1967 2333 franch

380 2340 560 2443 Alujes
563 2347 732 2434 forner
744 2350 806 2411 de
807 2342 1084 2431 Vilafranca
1076 2368 1137 2430 y
1147 2347 1198 2410 de
1278 2348 1322 2406 t

383 2438 455 2509 dit
471 2438 545 2506 dia
552 2425 690 2502 rebere
706 2449 748 2502 de
748 2439 885 2528 Juan
889 2436 1093 2521 figueres
1109 2446 1280 2502 texidor
1283 2445 1326 2500 de
1343 2434 1467 2498 llana
1485 2444 1536 2501 de
1537 2429 1799 2498 Vilarodona
1810 2414 1992 2491 habitat

388 2554 442 2596 en
459 2520 663 2630 Terrassa
678 2532 779 2620 fill
789 2536 839 2592 de
858 2520 1061 2593 Amador
1046 2524 1261 2626 figueres
1279 2535 1420 2638 pages
1430 2524 1485 2584 de
1485 2512 1727 2584 Vilarodona
1715 2544 1775 2603 y
1780 2519 1833 2576 de
1826 2499 1987 2579 Paula

395 2622 577 2709 defuncts
616 2627 682 2687 ab
698 2614 886 2686 Violant
896 2618 1090 2713 donsella
1094 2617 1218 2708 filla
1240 2622 1288 2683 de
1308 2592 1605 2689 Barthomeu
1610 2594 1784 2682 Parull
1784 2614 1938 2713 pages

383 2732 442 2793 de
460 2700 545 2785 St
552 2710 694 2786 Marti
708 2725 855 2778 terme
872 2718 917 2780 de
941 2708 1157 2813 Terrassa
1151 2733 1221 2794 y
1239 2709 1290 2770 de
1291 2697 1470 2772 Violant
1492 2701 1715 2783 defuncta

386 2796 445 2863 dit
459 2799 527 2864 dia
537 2791 678 2864 rebere
690 2808 736 2864 de
727 2803 912 2895 Jaume
935 2769 1132 2866 Palmer
1131 2807 1271 2901 pages
1287 2798 1344 2858 de
1359 2776 1502 2882 Bara
1489 2796 1600 2881 fill
1608 2791 1655 2854 de
1646 2772 1766 2882 Jua
1775 2765 1957 2855 Palmer

390 2909 512 3008 pages
526 2898 579 2964 de
597 2885 726 2986 bara
729 2890 908 2981 defunct
888 2922 955 2981 y
969 2898 1020 2958 de
1043 2875 1261 2977 Elisabeth
1280 2887 1347 2949 ab
1371 2881 1659 2988 Magdalena
1679 2886 1863 2977 donsella
1859 2878 1979 2972 filla

386 3010 441 3069 de
459 2971 577 3064 Pau
576 2988 824 3094 fabregues
842 2993 1008 3056 texidor
1017 2990 1065 3051 de
1081 2983 1150 3049 lli
1133 3012 1202 3077 y
1222 2992 1276 3057 de
1301 2967 1518 3087 Rafela

379 3090 446 3161 dit
464 3087 548 3156 dia
560 3085 710 3154 rebere
729 3087 779 3151 de
794 3076 978 3150 Llorens
1002 3076 1256 3182 Massanes
1267 3091 1402 3179 peller
1421 3078 1628 3147 habitant
1631 3098 1690 3141 en
1711 3055 1853 3159 Bara
1832 3073 1925 3161 fill

383 3185 435 3251 de
456 3161 569 3244 Pere
591 3171 835 3268 Massanes
852 3185 1036 3277 parayre
1056 3178 1111 3235 de
1125 3166 1319 3260 Solsona
1318 3200 1374 3259 y
1388 3173 1443 3241 de
1457 3165 1654 3236 Eularia
1666 3153 1904 3260 defuncts

377 3266 461 3337 ab
468 3268 701 3365 Speransa
724 3263 913 3347 donsella
907 3258 1039 3354 filla
1063 3264 1115 3323 de
1110 3259 1359 3365 francesch
1343 3256 1528 3354 ferrer
1526 3270 1665 3365 pages
1677 3263 1741 3330 de
1757 3256 1952 3327 Cornella

384 3365 554 3449 defunct
561 3386 610 3459 y
621 3366 674 3425 de
689 3353 940 3459 Speransa
