2690 3794
389 236 653 347 Divendres
655 295 705 344 a
718 284 774 347 15
789 268 933 352 rebere
932 284 996 357 de
1000 276 1106 357 Pau
1129 287 1245 368 Mas
1239 287 1407 381 ferrer
1409 303 1462 365 de
1458 282 1651 373 Premia
1653 292 1753 384 fill
1757 303 1808 362 de
1820 284 2005 365 Ramon

427 356 568 435 Mas
570 367 719 445 ferrer
707 399 766 461 y
770 372 826 435 de
833 359 1010 466 Angela
1044 367 1122 443 ab
1121 372 1336 480 Speransa
1340 380 1533 474 donsella
1524 380 1654 469 filla
1667 388 1720 448 de
1735 367 1980 482 Balthesar

425 449 609 533 Morera
633 460 801 530 sabater
808 460 870 527 de
899 444 1040 551 Bara
1047 468 1221 549 defunct
1212 487 1278 554 y
1286 476 1347 535 de
1343 468 1555 562 Susanna

405 542 497 616 Dit
504 548 593 621 dia
600 542 749 621 rebere
767 558 818 618 de
800 550 922 642 Jua
935 537 1188 623 Armendia
1198 556 1372 626 sabater
1371 550 1443 626 de
1450 534 1607 653 Bara
1587 542 1706 647 fill
1711 545 1766 616 de
1787 532 2041 623 Barthomeu

416 630 661 703 Armendia
669 657 804 732 pages
811 641 881 708 de
882 638 1092 719 Cardedeu
1074 657 1155 727 y
1154 644 1210 708 de
1222 620 1446 727 Elisabeth
1456 638 1632 727 defuncts
1656 633 1733 706 ab
1738 630 2010 735 Margarida

416 723 604 826 donsella
614 726 743 818 filla
754 729 812 789 de
819 713 993 802 Antoni
1009 726 1196 820 Maymo
1225 726 1391 799 sabater
1387 734 1446 789 de
1456 710 1610 823 Bara
1584 742 1651 815 y
1656 734 1723 796 de
1722 713 1999 818 Maryanna

411 819 491 881 Dit
498 827 571 889 dia
581 809 730 887 rebere
737 825 790 892 de
770 817 988 922 Joachim
1000 803 1221 897 Baruta
1231 841 1380 935 pages
1379 833 1451 903 de
1464 825 1616 908 Molin
1620 835 1676 903 de
1672 851 1753 932 rey
1763 833 1895 911 viudo
1924 830 2005 911 ab

413 910 648 985 Catherina
660 912 853 1017 donsella
847 912 979 1001 filla
989 926 1043 988 de
1050 904 1180 1009 Luys
1187 923 1446 1033 Campmany
1453 931 1511 999 de
1519 921 1712 999 Corbera
1692 947 1766 1020 y
1771 929 1832 999 de
1815 923 2024 1023 Juana

405 1006 488 1087 Dit
496 1019 568 1089 dia
581 1016 763 1089 donare
767 1022 960 1092 llicentia
940 1030 1128 1142 gratis
1135 1051 1182 1103 a
1201 1014 1451 1132 Hieronym
1464 1011 1703 1132 Assensio
1705 1051 1854 1145 pages
1864 1038 1934 1111 de
1935 1024 2024 1145 Ge=

411 1128 535 1174 rona
542 1120 681 1182 viudo
699 1102 777 1182 ab
748 1112 955 1227 Juana
976 1123 1136 1190 viuda
1154 1128 1210 1190 de
1198 1126 1459 1222 francesch
1467 1107 1616 1225 Pages
1628 1126 1887 1201 treballador
1902 1131 1994 1206 de

411 1200 661 1281 Llevaneres

389 1296 469 1358 dit
468 1291 549 1358 dia
556 1272 703 1358 rebere
704 1291 768 1353 de
778 1272 974 1361 Andreu
984 1283 1114 1350 Oller
1113 1272 1273 1395 pages
1272 1280 1330 1355 de
1348 1269 1497 1382 Castell
1489 1275 1627 1376 tersol
1626 1269 1775 1385 bisbat
1783 1282 1855 1358 de
1850 1268 1988 1368 Vich

386 1378 502 1467 fill
529 1378 590 1443 de
627 1381 670 1446 t
699 1394 777 1478 y
803 1378 845 1443 t
866 1376 938 1454 ab
943 1368 1202 1449 Valentina
1206 1381 1361 1449 viuda
1376 1378 1432 1451 de
1467 1389 1503 1449 t
1554 1376 1703 1459 Serra
1705 1394 1854 1494 pages
1875 1384 1961 1457 de

408 1465 550 1566 Castell
549 1467 699 1562 terçol

386 1557 576 1643 Dilluns
581 1580 626 1630 a
644 1559 713 1630 18
726 1543 889 1616 rebere
893 1549 960 1616 de
954 1530 1067 1643 Jua
1039 1550 1192 1647 #
1099 1496 1234 1576 Vesa
1201 1558 1339 1638 pages
1336 1536 1405 1603 de
1400 1519 1497 1607 Sta
1490 1529 1692 1643 Susanna
1714 1540 1775 1613 de
1781 1533 1848 1619 la
1856 1532 1991 1640 Costa

392 1653 524 1723 viudo
542 1650 618 1723 ab
617 1634 777 1723 Anna
803 1642 974 1746 dosella
970 1637 1114 1744 filla
1121 1642 1188 1715 de
1184 1645 1361 1758 jaume
1382 1626 1613 1746 Masjoan
1617 1650 1769 1746 pages
1765 1650 1824 1712 de
1839 1637 1980 1709 dita

402 1738 626 1842 parrochia
608 1762 692 1842 y
699 1754 760 1827 de
765 1716 968 1819 Beneta

372 1820 607 1909 Dimecres
619 1849 656 1901 a
669 1834 755 1901 20
784 1815 933 1904 rebere
940 1831 998 1896 de
989 1804 1119 1925 Jua
1118 1820 1273 1944 janer
1264 1839 1415 1936 pages
1423 1820 1498 1890 de
1505 1804 1695 1914 Llinyola
1705 1807 1860 1925 bisbat
1875 1812 1964 1890 de

386 1924 546 2031 Urgell
534 1924 658 2023 fill
663 1924 722 1997 de
732 1930 777 2000 t
787 1948 859 2026 y
861 1927 911 1989 t
937 1924 1010 1992 ab
1011 1919 1265 1997 Catherina
1272 1927 1432 1997 viuda
1442 1922 1500 1986 de
1486 1908 1607 2005 Jua
1617 1908 1816 2023 domingo
1820 1922 1975 2015 pages

397 2030 456 2090 de
441 2012 631 2109 frança
630 2028 768 2088 mori
765 2038 834 2082 en
847 1996 960 2088 Sta
959 2004 1166 2090 Coloma
1181 2022 1240 2085 de
1253 2017 1457 2114 Queralt

367 2113 467 2188 Dit
479 2116 579 2186 dia
595 2100 752 2183 rebere
770 2116 823 2186 de
830 2108 1073 2207 Hieronym
1091 2084 1298 2188 Borrell
1307 2110 1366 2188 de
1376 2108 1544 2196 Caldes
1554 2118 1613 2188 de
1626 2092 1821 2212 Monbuy
1834 2118 1997 2218 retorse=

378 2214 461 2284 dor
471 2206 530 2277 de
540 2206 683 2277 llana
674 2206 796 2311 fill
817 2209 875 2279 de
882 2198 1130 2284 Salvador
1135 2180 1333 2282 Borrell
1335 2214 1569 2308 retorsedor
1582 2214 1638 2271 de
1645 2211 1797 2284 llana
1807 2206 1988 2303 defunct

345 2318 431 2391 y
441 2302 497 2367 de
510 2286 722 2407 Angela
748 2286 831 2372 ab
841 2294 1119 2399 Maryanna
1127 2302 1317 2407 dosella
1310 2302 1462 2399 filla
1480 2302 1544 2372 de
1521 2294 1797 2407 francesch
1787 2297 1980 2399 Sunyer

356 2400 533 2487 sastre
551 2392 615 2465 de
622 2395 757 2468 dita
751 2395 870 2468 vila
877 2403 1084 2492 defunct
1061 2416 1136 2484 y
1146 2398 1210 2463 de
1228 2382 1506 2492 Hieronyma

367 2478 604 2556 Divendres
608 2502 658 2550 a
657 2483 757 2561 22
765 2486 922 2561 rebere
915 2491 1001 2566 del
1000 2472 1095 2569 Sr
1083 2478 1207 2593 Luys
1225 2491 1407 2569 Corbera
1398 2512 1468 2588 y
1464 2494 1525 2566 de
1530 2494 1744 2596 Castellet
1760 2459 1851 2561 Sr
1831 2491 1895 2556 de
1892 2470 1988 2569 Lli=

383 2587 519 2646 nars
518 2573 656 2644 viudo
669 2573 730 2644 ab
740 2565 812 2644 la
808 2565 925 2641 Sra
924 2579 1037 2649 dona
1063 2581 1196 2660 Anna
1203 2595 1350 2668 viuda
1371 2595 1429 2657 del
1450 2573 1511 2654 Sr
1535 2579 1693 2689 Miql
1700 2581 1761 2660 de
1763 2579 1988 2657 Tamarit

364 2672 464 2747 Dit
474 2680 563 2747 dia
575 2667 727 2750 rebere
734 2677 788 2747 de
781 2669 913 2769 Juan
902 2661 1166 2774 fumentes
1154 2685 1383 2785 serrador
1398 2672 1621 2758 habitant
1628 2709 1701 2756 en
1708 2665 1967 2786 Tarrassa

383 2768 527 2841 viudo
548 2760 615 2838 ab
622 2760 862 2873 Speransa
880 2773 1037 2846 viuda
1047 2781 1117 2849 de
1127 2773 1306 2881 Giralt
1299 2773 1421 2881 Illa
1434 2784 1588 2883 mestre
1598 2784 1657 2849 de
1664 2784 1799 2886 cases
1790 2787 1851 2854 de
1850 2773 2060 2885 Terrassa

372 2845 557 2945 Dissapte
562 2885 607 2929 a
611 2872 692 2937 23
704 2856 845 2929 rebere
847 2874 905 2937 de
902 2848 1084 2942 Bernat
1099 2858 1267 2947 Morell
1280 2887 1454 2942 carnicer
1458 2874 1542 2947 del
1535 2895 1659 2966 regne
1678 2877 1725 2942 de
1716 2869 1898 2961 frança
1913 2866 1975 2947 ha=

383 2930 546 3011 bitant
548 2973 609 3016 en
622 2922 777 3043 Bara
792 2946 859 3027 ab
882 2946 1106 3030 Madrona
1124 2954 1306 3051 donsella
1307 2952 1443 3051 filla
1450 2962 1509 3035 de
1499 2957 1640 3059 Juan
1661 2957 1813 3069 Macip
1831 2949 1964 3035 boter

375 3037 546 3120 defunct
534 3058 607 3134 y
614 3053 672 3112 de
691 3039 960 3139 Maryanna
