2690 3794
365 784 583 935 Pmo
491 863 545 926 al
550 857 622 964 pr
629 872 681 932 de
688 867 750 926 dit
765 853 912 926 rebere
921 861 975 926 de
980 857 1139 957 Joseph
1150 863 1279 930 Soler
1284 861 1447 957 fuster
1458 865 1520 928 de
1523 836 1605 926 #
1602 851 1771 960 Girona
1782 846 2002 924 habitant

404 987 460 1028 en
473 944 622 1047 Bara
609 956 717 1049 fill
735 961 794 1030 de
809 952 1013 1065 domingo
1028 956 1171 1026 Soler
1164 959 1337 1065 fuster
1353 965 1410 1032 de
1432 954 1611 1070 Girona
1602 981 1670 1047 y
1671 959 1727 1026 de
1756 952 2035 1063 Magdalena

398 1066 474 1136 ab
479 1058 707 1144 Elisabeth
710 1062 912 1155 donsella
911 1060 1044 1150 filla
1057 1069 1120 1136 de
1132 1064 1279 1128 Cebria
1278 1058 1504 1163 flaquer
1525 1069 1676 1177 capita
1691 1074 1747 1132 de
1750 1085 1861 1134 nau
1872 1058 1984 1130 de

400 1154 567 1260 Bara
550 1195 608 1256 y
619 1166 679 1233 de
708 1166 981 1252 Maryanna
988 1160 1214 1252 defuncts

396 1267 476 1330 dit
489 1269 563 1323 dia
566 1255 717 1323 rebere
722 1269 776 1328 de
795 1244 1074 1328 Barthomeu
1093 1255 1285 1362 Miquel
1280 1255 1443 1343 fuster
1450 1257 1512 1320 de
1527 1228 1682 1341 Bara
1667 1247 1775 1335 fill
1779 1253 1836 1320 de
1854 1223 2052 1322 Bartho=

403 1358 508 1422 meu
525 1336 718 1452 Miquel
714 1342 910 1445 musich
890 1377 952 1459 y
949 1357 1021 1416 de
1032 1348 1273 1420 Catherina
1286 1344 1372 1416 ab
1383 1348 1650 1443 Magdalena
1663 1348 1848 1430 donsella
1839 1329 2002 1432 filla

400 1448 456 1517 de
462 1437 660 1543 Miquel
670 1429 843 1513 Porta
825 1442 997 1540 fuster
1006 1452 1062 1519 de
1071 1429 1236 1532 Bara
1221 1477 1285 1542 y
1294 1452 1352 1521 de
1377 1443 1648 1539 Margarida

390 1543 472 1615 dit
479 1545 557 1617 dia
564 1537 715 1613 rebere
726 1545 780 1613 de
779 1529 893 1629 Jua
904 1542 1065 1618 Marti
1081 1535 1240 1617 Vidal
1247 1537 1490 1613 treballador
1497 1550 1550 1608 de
1569 1537 1714 1608 Lloret
1728 1525 1869 1635 bisbat
1874 1535 1925 1598 de
1931 1527 2019 1636 Gi=

388 1655 504 1702 rona
521 1632 727 1704 habitant
728 1657 786 1700 en
797 1614 891 1702 St
834 1639 962 1748 Iga
968 1632 1080 1720 fill
1085 1639 1143 1704 de
1160 1616 1319 1727 Esteva
1333 1626 1471 1704 Vidal
1468 1649 1599 1748 pages
1612 1639 1666 1698 de
1681 1625 1824 1707 Lloret
1815 1647 1856 1721 y
1859 1628 1911 1691 de
1900 1632 2055 1721 joana

394 1724 610 1822 defuncts
619 1736 683 1797 ab
690 1711 847 1797 Paula
862 1730 1046 1824 donsella
1039 1730 1167 1820 filla
1184 1736 1240 1799 de
1237 1742 1392 1824 jaume
1407 1727 1547 1798 Marti
1553 1732 1731 1797 texidor
1730 1736 1783 1799 de
1793 1722 1857 1789 lli
1855 1726 1915 1791 de
1918 1709 2006 1787 Vi=

390 1832 551 1923 lassar
568 1834 750 1918 defunct
751 1852 802 1924 y
813 1823 871 1893 de
868 1813 1106 1909 Catherina

384 1925 456 1994 dit
459 1929 535 1988 dia
538 1919 671 1988 rebere
676 1931 729 1988 de
728 1904 833 1986 Pau
854 1904 1003 2008 Baget
1002 1943 1135 2025 pages
1146 1929 1204 1994 de
1215 1908 1303 1986 St
1294 1912 1471 1984 Andreu
1480 1922 1534 1984 de
1529 1898 1747 1982 Palomar
1754 1906 1887 1975 viudo
1906 1904 1996 1971 ab

386 2012 563 2093 Anna
570 2014 729 2081 viuda
747 2020 808 2079 de
797 1995 926 2116 Jua
933 2014 1108 2127 Graner
1120 2025 1273 2116 sastre
1296 2020 1354 2086 de
1367 1999 1540 2100 Bara

388 2109 575 2187 Dimecres
588 2138 626 2179 a
635 2121 678 2187 3
693 2115 830 2184 rebere
837 2117 892 2184 de
903 2099 1008 2188 Pau
1027 2104 1219 2215 Rossell
1232 2112 1401 2210 #
1403 2124 1607 2212 negociant
1625 2104 1682 2188 de
1683 2095 1820 2196 Bara
1804 2101 1917 2196 fill
1924 2099 1992 2171 de

382 2195 484 2293 Jua
499 2190 683 2301 Rossell
686 2213 888 2299 negociant
901 2215 956 2270 de
958 2192 1114 2297 Bara
1089 2236 1147 2297 y
1158 2213 1214 2276 de
1227 2202 1471 2282 Catherina
1494 2205 1694 2299 defuncts
1728 2203 1812 2274 ab
1815 2194 2009 2268 Cecilia

400 2304 589 2394 donsella
590 2294 736 2384 filla
751 2313 808 2371 de
799 2306 1058 2411 francesch
1077 2298 1236 2376 Llinas
1243 2317 1384 2409 pages
1413 2308 1473 2367 de
1468 2287 1702 2394 Vilamajor
1679 2321 1755 2382 y
1764 2294 1824 2359 de
1809 2290 2021 2392 Juana

400 2398 606 2484 defuncts

396 2487 470 2550 dit
471 2483 537 2548 dia
546 2480 677 2550 rebere
688 2487 741 2546 de
732 2478 839 2569 Jua
852 2458 989 2542 Baro
1004 2482 1167 2537 texidor
1170 2483 1222 2541 de
1231 2474 1293 2541 lli
1302 2480 1374 2546 del
1385 2501 1495 2575 regne
1511 2472 1566 2542 de
1568 2480 1745 2568 fransa
1756 2466 1966 2541 habitant

400 2597 460 2639 en
477 2555 563 2633 St
574 2570 741 2645 Llorens
771 2568 936 2641 çavall
955 2578 1027 2641 ab
1048 2568 1266 2676 Miquela
1276 2568 1473 2651 donsella
1464 2563 1611 2656 filla
1614 2563 1676 2629 de
1726 2572 1771 2629 t
1843 2547 2025 2664 Tossell

394 2667 626 2732 treballador
637 2678 687 2732 de
698 2659 762 2730 St
779 2663 928 2732 llorens
945 2673 1114 2747 defunct
1116 2690 1161 2766 y
1160 2669 1226 2730 de
1259 2673 1307 2728 t

396 2754 464 2822 dit
477 2762 561 2826 dia
568 2758 707 2830 rebere
722 2762 784 2832 de
795 2769 950 2863 #
972 2748 1131 2822 #
1142 2740 1291 2815 Antoni
1308 2723 1486 2838 Beneya
1505 2746 1692 2836 adroguer
1703 2742 1761 2803 de
1758 2729 1873 2801 Vich
1888 2717 2017 2794 habi=

404 2858 500 2913 tant
512 2873 569 2919 en
580 2831 756 2934 Bara
744 2850 849 2936 fill
858 2850 916 2917 de
941 2847 1106 2917 Llorens
1126 2820 1329 2925 Beneya
1324 2841 1496 2933 fuster
1505 2835 1562 2900 de
1561 2827 1680 2896 Vich
1675 2856 1727 2925 y
1726 2835 1783 2900 de
1793 2818 2009 2898 Antonia

394 2939 603 3027 defuncts
619 2945 695 3008 ab
700 2926 859 3052 Agnes
874 2945 1068 3043 donsella
1061 2939 1204 3029 filla
1223 2935 1277 3002 de
1288 2916 1402 3004 Pere
1420 2910 1554 3000 Real
1553 2932 1713 2996 notari
1718 2928 1830 2992 real
1837 2924 2006 3002 defunct

376 3067 437 3128 y
450 3040 502 3104 de
518 3020 709 3141 Angela

379 3115 513 3201 Dijous
515 3142 555 3180 a
574 3136 610 3189 4
631 3115 760 3182 rebere
767 3119 817 3178 de
826 3105 930 3191 msr
927 3075 1088 3182 franch
1087 3073 1208 3161 Pere
1231 3076 1366 3161 Rubi
1377 3101 1435 3159 de
1430 3080 1662 3203 Puigcerda
1681 3092 1879 3162 habitant
1894 3121 1980 3162 en

386 3186 535 3288 Bara
522 3196 636 3284 fill
651 3198 709 3261 de
724 3186 912 3292 Raphel
919 3182 1057 3262 Rubi
1067 3190 1210 3288 burges
1225 3194 1285 3253 de
1292 3167 1534 3278 Puigcerda
1519 3206 1593 3274 y
1604 3188 1660 3246 de
1661 3173 1816 3247 Anna
1839 3165 2002 3248 Rubi

370 3314 431 3369 y
434 3283 575 3344 Sala
597 3285 810 3356 defuncts
840 3285 922 3346 ab
935 3283 1001 3346 la
1003 3261 1117 3342 Sra
1095 3258 1260 3342 Anna
1271 3275 1469 3357 donsella
1458 3270 1603 3363 filla
1620 3268 1680 3334 de
1693 3266 1794 3348 msr
1772 3262 1895 3348 Jua
1884 3252 2043 3334 Pere

361 3366 640 3456 fontanella
641 3381 711 3479 y
706 3364 760 3433 de
779 3370 847 3429 la
859 3358 968 3428 Sra
978 3356 1267 3462 Margarida
