2690 3794
366 344 516 448 Dijous
536 376 570 414 a
587 359 676 416 25
695 348 842 422 rebere
853 359 900 414 de
913 344 1077 414 Antich
1099 348 1331 443 Casanoves
1346 364 1551 411 tavarner
1570 341 1766 413 habitant
1778 368 1830 408 en
1840 325 1994 429 Bara

375 440 468 535 fill
483 451 530 505 de
555 424 768 507 Bertran
790 437 1020 537 Casanoves
1032 456 1167 537 pages
1187 458 1235 510 de
1243 428 1326 509 St
1301 437 1520 538 fructuos
1534 454 1583 509 de
1594 424 1802 519 Balanya
1808 424 1946 533 bisbat

391 548 442 602 de
448 527 547 600 Vich
534 564 598 623 y
613 550 666 606 de
681 530 844 604 Eleonor
864 537 1059 625 defuncts
1081 537 1147 606 ab
1152 539 1416 627 Maryanna
1420 523 1634 600 domenech
1639 536 1772 602 viuda
1785 541 1839 600 de
1845 522 1957 598 An=

388 640 472 694 toni
485 626 710 698 domenech
730 633 909 721 calafat
922 638 1040 698 mori
1049 660 1098 698 en
1111 633 1230 719 bara

384 723 442 788 dit
451 730 523 781 dia
534 711 666 786 rebere
686 732 731 782 de
748 702 918 786 Bernat
912 721 1054 811 forga
1063 716 1191 781 viudo
1199 732 1371 818 parayre
1386 713 1571 781 habitant
1580 737 1629 779 en
1642 695 1786 798 Bara
1787 720 1851 782 ab
1859 716 1920 776 Ca=

389 803 540 877 therina
561 808 734 907 donsella
746 805 863 898 filla
880 824 930 871 de
940 797 1064 873 Vidal
1085 803 1274 877 Maurat
1280 822 1417 907 pages
1427 817 1475 869 de
1494 792 1647 892 Ripoll
1661 794 1795 891 bisbat
1799 808 1848 864 de
1850 796 1959 869 Vich

377 911 546 993 defunct
539 934 597 991 y
606 916 653 974 de
659 904 828 988 Juana

368 999 565 1069 Divendres
577 1024 613 1062 a
628 1003 704 1061 26
714 992 869 1055 rebere
869 994 920 1055 de
929 984 1070 1084 jaume
1091 981 1262 1078 Guitart
1268 987 1382 1057 viudo
1390 995 1511 1076 pages
1519 997 1585 1050 de
1586 969 1677 1053 St
1670 976 1784 1053 Pere
1793 998 1840 1051 de
1845 981 1958 1051 Ter=

378 1097 499 1180 rassa
521 1091 590 1150 ab
611 1083 812 1188 Miquela
817 1088 938 1153 viuda
951 1094 996 1147 de
1000 1088 1152 1169 jaume
1162 1058 1361 1175 Bellsola
1373 1091 1498 1180 pages
1508 1088 1563 1147 de
1571 1069 1668 1147 Sta
1669 1066 1865 1180 Perpetua
1875 1072 1931 1136 de

381 1185 563 1279 Mogoda
583 1196 694 1252 mori
696 1209 752 1249 en
756 1182 856 1249 dita
858 1174 1084 1271 parrochia

381 1286 448 1355 dit
458 1286 526 1350 dia
543 1273 677 1350 rebere
687 1289 738 1348 de
738 1288 874 1374 jaume
897 1278 1069 1359 Guitart
1070 1288 1198 1375 pages
1216 1275 1265 1333 de
1271 1258 1349 1329 St
1356 1241 1465 1322 Pere
1474 1260 1534 1320 de
1542 1258 1733 1361 Terrassa
1737 1251 1830 1348 fill
1842 1260 1923 1322 de

381 1378 516 1462 jaume
547 1369 721 1466 Guitart
720 1380 856 1477 pages
877 1378 927 1431 de
932 1373 1008 1435 dita
1011 1358 1231 1466 parrochia
1230 1391 1281 1449 y
1287 1363 1342 1422 de
1363 1343 1570 1438 Elisabeth
1590 1356 1768 1442 defuncta
1789 1351 1864 1413 ab
1872 1354 1945 1411 Ca=

385 1461 535 1525 therina
541 1459 723 1550 donsella
738 1458 843 1540 filla
866 1458 924 1516 de
938 1463 1082 1545 jaume
1103 1426 1305 1545 Bellsola
1311 1469 1436 1547 pages
1448 1454 1504 1512 de
1514 1437 1611 1516 Sta
1608 1430 1810 1558 Perpetua
1827 1452 1908 1512 de

379 1554 557 1655 Mogoda
574 1559 750 1642 defunct
748 1582 798 1636 y
814 1559 878 1618 de
895 1543 1110 1638 Miquela

381 1652 445 1723 dit
455 1650 524 1712 dia
541 1633 681 1714 rebere
698 1657 743 1714 de
740 1631 835 1732 Jua
849 1633 972 1727 Veza
987 1663 1115 1740 pages
1127 1650 1178 1706 de
1183 1620 1276 1708 Sta
1260 1639 1453 1736 Susanna
1472 1633 1546 1697 del
1547 1650 1668 1697 terme
1682 1637 1738 1693 de
1733 1628 1948 1723 Vilamajor

377 1731 467 1834 fill
480 1753 529 1806 de
554 1722 811 1808 Barthomeu
834 1735 955 1827 Veza
974 1761 1095 1839 pages
1101 1750 1156 1808 de
1161 1744 1244 1804 dita
1249 1731 1447 1828 parrochia
1437 1757 1502 1815 y
1505 1737 1563 1793 de
1560 1728 1711 1793 Maria
1728 1711 1937 1814 defuncts

385 1853 441 1915 ab
458 1838 625 1910 Maria
646 1838 796 1939 dosella
801 1833 913 1919 filla
943 1846 999 1906 de
1004 1822 1178 1908 Antoni
1190 1818 1305 1902 Pont
1310 1846 1429 1943 pages
1444 1838 1495 1893 de
1507 1818 1578 1895 St
1584 1818 1722 1915 Esteva
1735 1826 1788 1886 de
1798 1807 1935 1889 Palau

387 1955 538 2009 tordera
549 1970 597 2031 y
613 1947 668 2008 de
674 1936 852 2031 Juana

377 2025 439 2089 dit
449 2025 515 2080 dia
523 2012 657 2087 rebere
678 2025 730 2082 de
740 1996 918 2074 Bertran
926 1999 1051 2094 Delfi
1044 2008 1222 2087 frances
1229 2021 1351 2102 pages
1361 2001 1546 2063 habitant
1555 2016 1607 2059 en
1606 1983 1672 2058 St
1673 1988 1814 2056 Vicens
1826 1990 1895 2056 de

374 2104 610 2205 Junqueres
632 2106 692 2170 ab
703 2104 848 2166 Cecilia
858 2101 1023 2192 donsella
1031 2088 1147 2179 filla
1161 2099 1213 2159 de
1225 2090 1383 2192 Miquel
1395 2082 1543 2150 Rocha
1556 2068 1766 2174 Busquets
1768 2071 1915 2183 pages

379 2216 435 2270 de
446 2210 531 2268 dita
534 2197 743 2303 parrochia
768 2199 933 2290 defunct
914 2219 983 2283 y
987 2193 1047 2255 de
1059 2187 1219 2253 Cecilia

383 2291 450 2359 dit
455 2297 526 2357 dia
532 2289 670 2362 rebere
674 2297 725 2359 de
742 2291 909 2383 Sebastia
921 2273 1065 2381 Bosch
1053 2289 1202 2379 sastre
1216 2289 1266 2344 de
1275 2273 1338 2342 La
1354 2271 1528 2370 Garriga
1531 2258 1619 2355 fill
1627 2269 1676 2331 de
1687 2261 1819 2353 Garau
1826 2247 1965 2362 Bosch

366 2389 515 2477 ferrer
521 2417 575 2483 y
584 2397 636 2461 de
626 2386 876 2495 francesca
892 2384 1093 2477 defuncts
1103 2384 1174 2451 ab
1184 2367 1383 2477 Elisabeth
1400 2376 1578 2470 donsella
1579 2348 1703 2449 filla
1717 2367 1766 2429 de
1783 2343 1959 2429 Bernat

379 2476 540 2557 Nadal
547 2502 760 2551 marxant
762 2485 819 2547 de
853 2454 1073 2569 Palafolls
1085 2478 1156 2542 del
1166 2474 1298 2579 bisbat
1319 2469 1381 2531 de
1391 2467 1539 2577 Girona
1540 2494 1589 2547 y
1593 2463 1648 2531 de
1665 2458 1804 2529 Marca

381 2585 458 2660 dit
464 2579 542 2652 dia
555 2579 697 2658 rebere
707 2589 762 2652 de
757 2562 860 2681 Jua
879 2556 982 2654 Bot
993 2593 1134 2683 pages
1131 2581 1192 2648 de
1195 2579 1408 2654 Samalus
1421 2566 1526 2671 fill
1537 2572 1591 2635 de
1606 2562 1765 2638 March
1789 2539 1908 2633 Bot

377 2702 496 2795 pages
499 2717 552 2782 y
559 2694 608 2753 de
620 2667 814 2749 Antonia
825 2669 1011 2772 defuncts
1022 2676 1090 2747 ab
1099 2667 1264 2772 Antiga
1274 2676 1453 2770 donsella
1459 2655 1580 2760 filla
1585 2669 1640 2730 de
1658 2663 1902 2756 Montserrat

376 2779 602 2878 Busqueta

613 2800 733 2894 pages
742 2787 795 2849 de
815 2781 1013 2881 Castellar
1033 2779 1200 2871 defunct
1191 2810 1252 2873 y
1265 2777 1320 2842 de
1324 2767 1601 2869 Margarida

377 2889 438 2952 dit
445 2895 510 2950 dia
522 2877 649 2954 rebere
661 2889 708 2944 de
713 2885 924 2944 Salvador
925 2873 1057 2946 Llobet
1062 2897 1194 2975 pages
1209 2883 1260 2942 de
1259 2866 1468 2962 Rocafort
1465 2862 1566 2962 fill
1575 2870 1628 2933 de
1644 2854 1821 2948 Alfonso
1826 2856 1931 2925 Llo=

376 2968 446 3045 bet
455 2997 581 3085 pages
570 3005 627 3070 y
632 2982 689 3043 de
701 2966 874 3043 Elienor
887 2978 953 3039 ab
973 2968 1223 3070 Margarida
1240 2972 1431 3072 donsella
1425 2965 1547 3052 filla
1556 2974 1611 3025 de
1614 2949 1754 3031 Benet
1762 2955 1923 3047 Sunyol

379 3083 521 3168 pages
536 3086 581 3140 de
595 3071 780 3165 Castellet
767 3092 824 3161 y
833 3075 886 3130 de
896 3069 1048 3163 Angela
1072 3063 1269 3153 defuncta

376 3169 538 3261 Dissapte
547 3191 585 3230 a
595 3177 670 3227 27
682 3162 824 3227 rebere
842 3158 886 3227 de
885 3156 1102 3248 francesch
1112 3142 1293 3246 Astella
1295 3154 1474 3252 parxer
1477 3141 1538 3192 de
1546 3115 1700 3209 Bara
1681 3119 1788 3209 fill
1795 3131 1844 3188 de
1849 3125 1942 3182 Se=

377 3254 512 3345 bastia
528 3241 702 3343 Astella
709 3264 890 3345 parayre
900 3254 949 3308 de
962 3245 1073 3327 bara
1062 3266 1115 3329 y
1124 3247 1175 3304 de
1186 3235 1327 3306 Anna
1336 3231 1526 3302 Antonia
1534 3224 1713 3318 defuncts
1727 3218 1796 3279 ab
1787 3208 1935 3277 Anna

374 3344 554 3430 donsella
563 3324 674 3420 filla
696 3334 741 3387 de
760 3316 932 3410 Hierony
951 3322 1126 3418 Castello
1133 3317 1285 3410 musich
1278 3344 1333 3404 #
1347 3320 1403 3381 de
1415 3317 1526 3403 bara
1508 3328 1566 3395 y
1565 3318 1613 3379 de
1598 3309 1767 3395 Juana
