2690 3794
356 290 591 408 Dissapte
602 338 638 375 a
652 325 693 384 3
712 308 852 379 rebere
859 323 916 384 de
924 295 1026 386 Pau
1044 306 1210 388 Brunet
1224 347 1351 428 pages
1361 334 1411 397 de
1429 306 1563 412 Bara
1564 330 1683 395 viudo
1689 334 1765 399 ab
1778 327 2043 419 Maryanna

393 411 584 501 donsella
579 404 713 490 filla
729 411 777 474 de
793 393 910 474 Pere
922 387 1066 472 Palou
1085 402 1278 510 blanquer
1299 420 1345 477 de
1363 398 1516 503 Bara
1521 411 1683 498 defunct
1671 446 1730 499 y
1742 420 1794 483 de
1811 405 2013 487 Anna

403 497 464 567 dit
470 500 544 556 dia
553 498 685 562 rebere
699 508 745 562 de
744 498 974 593 francesch
981 493 1178 595 Anglada
1196 506 1353 564 texidor
1361 508 1409 565 de
1417 506 1514 567 vels
1523 511 1578 571 de
1571 508 1692 591 seda
1716 515 1764 571 de
1770 487 1919 593 Bara
1903 504 2028 569 viudo

397 585 466 653 ab
470 575 689 688 Apollonia
699 594 888 678 donsella
890 575 1023 675 filla
1039 592 1090 655 de
1116 588 1272 658 Llorens
1286 592 1473 688 Clergues
1483 606 1619 688 mestre
1627 608 1681 660 de
1659 597 1865 682 scriurer
1873 599 1929 657 de
1926 570 2062 686 Bara

395 716 438 785 y
448 681 499 746 de
526 674 783 777 Margarida
797 683 998 763 defuncts

382 776 454 841 Dit
463 780 533 837 dia
543 767 691 836 rebere
703 778 756 841 de
759 782 995 870 francesch
1012 745 1137 837 Pere
1147 769 1381 837 treballador
1389 771 1449 836 de
1468 742 1623 861 Bara
1611 771 1722 856 fill
1738 775 1790 834 de
1789 729 1996 856 franch

399 847 507 940 Pere
517 882 661 969 pages
678 877 860 957 defunct
842 897 903 957 y
917 869 968 936 de
990 862 1128 935 Anna
1149 862 1325 935 Maria
1346 869 1413 927 ab
1417 849 1557 924 Anna
1571 858 1743 925 Maria
1753 866 1921 957 donsella
1920 853 2049 953 filla

405 972 454 1031 de
466 957 621 1029 Anton
628 945 787 1039 Periz
800 956 1045 1026 treballador
1035 987 1094 1046 y
1110 967 1162 1028 de
1179 945 1317 1022 Anna
1340 952 1514 1024 Maria

390 1058 586 1172 Diumege
600 1091 638 1127 a
665 1080 713 1141 4
721 1050 882 1125 rebere
881 1056 938 1125 de
956 1049 1139 1123 Matheu
1159 1045 1327 1128 Marcer
1335 1058 1527 1158 calsater
1549 1054 1597 1119 de
1603 1056 1745 1154 agulla
1764 1056 1820 1127 de
1838 1021 2045 1121 Bellmut

399 1158 604 1231 habitant
613 1180 678 1232 en
684 1131 847 1256 Bara
846 1157 982 1221 viudo
997 1153 1075 1221 ab
1087 1162 1237 1254 Antiga
1258 1151 1441 1245 donsella
1442 1160 1565 1245 filla
1583 1158 1638 1220 de
1641 1151 1805 1225 Antich
1810 1158 1991 1225 Savina

395 1277 515 1349 pages
540 1266 591 1324 de
611 1255 783 1342 Gualba
776 1275 839 1344 y
855 1248 916 1317 de
943 1230 1109 1313 Elienor
1123 1244 1341 1331 defuncts

375 1336 449 1406 Dit
466 1345 539 1400 dia
543 1336 689 1404 rebere
703 1350 751 1404 de
750 1336 897 1432 Juan
907 1310 1148 1399 Blanxart
1164 1334 1392 1406 treballador
1414 1341 1482 1408 del
1491 1365 1612 1439 regne
1631 1345 1681 1410 de
1676 1347 1856 1443 fransa
1866 1323 2026 1406 habitat

393 1451 452 1494 en
468 1425 546 1496 #
543 1420 627 1499 St
635 1425 783 1501 Vicens
800 1432 852 1499 de
866 1423 1105 1501 llevaneres
1125 1427 1195 1490 ab
1213 1420 1422 1519 Elisabeth
1440 1427 1623 1530 donsella
1603 1432 1732 1525 filla
1746 1434 1799 1499 de
1795 1432 1977 1519 Juan

397 1522 576 1624 Cruylles
592 1524 831 1592 treballador
844 1526 891 1594 de
911 1515 1019 1589 Sta
1014 1524 1105 1596 Ma
1104 1526 1154 1596 de
1168 1513 1347 1631 Arenys
1363 1522 1499 1633 bisbat
1513 1535 1565 1596 de
1584 1529 1747 1640 Gerona
1759 1526 1882 1614 #
1871 1549 1931 1614 y
1947 1528 2002 1596 de

401 1635 556 1728 Antiga
577 1621 811 1700 defuncta

391 1723 575 1792 Dilluns
590 1747 635 1786 a
643 1738 698 1786 5
712 1708 858 1781 rebere
875 1719 929 1784 de
937 1708 1156 1803 Hyacinto
1177 1674 1366 1781 Boneu
1384 1707 1561 1779 hortola
1577 1714 1628 1781 de
1635 1690 1784 1801 Bara
1776 1716 1874 1799 fill
1883 1723 1968 1786 de

384 1816 526 1916 Juan
545 1793 726 1878 Boneu
742 1831 940 1920 parayre
960 1816 1135 1909 defunct
1138 1844 1192 1921 y
1191 1820 1250 1883 de
1271 1805 1443 1881 Maria
1468 1811 1542 1883 ab
1551 1794 1704 1887 Anna
1719 1815 1893 1918 donsella
1877 1822 2028 1909 filla

406 1919 464 1993 de
521 1919 573 1987 t
643 1913 787 2013 Cases
793 1931 929 2022 pages
948 1923 1021 1996 de
1022 1895 1197 2006 Bara
1201 1919 1391 2008 defunct
1373 1945 1442 2013 y
1446 1922 1516 1995 de
1513 1886 1722 2022 Peyrona

382 2012 464 2077 Dit
480 2021 554 2079 dia
562 2018 695 2079 rebere
714 2025 766 2079 de
786 2010 957 2082 Arnau
975 2008 1105 2080 Locos
1119 2038 1283 2086 cotxero
1303 2025 1375 2090 del
1376 2045 1507 2117 regne
1526 2032 1576 2091 de
1568 2019 1752 2117 frança
1766 2019 1975 2090 habitant

393 2129 458 2168 en
465 2076 614 2187 Bara
626 2109 691 2168 ab
703 2109 959 2209 Margarida
965 2116 1115 2181 viuda
1127 2118 1182 2177 de
1181 2112 1325 2205 Juan
1340 2109 1555 2174 Serralta
1568 2112 1752 2211 traginer
1770 2120 1829 2179 de
1839 2134 1966 2183 mar

382 2199 454 2260 Dit
466 2197 535 2258 dia
547 2193 668 2260 rebere
678 2208 730 2265 de
723 2204 891 2294 Jaume
915 2187 1152 2302 Romagosa
1159 2222 1291 2307 pages
1297 2210 1358 2272 del
1369 2204 1542 2269 lledoner
1534 2206 1767 2313 parrochia
1791 2210 1842 2269 de
1855 2199 2024 2269 Cervello

373 2282 479 2375 fill
489 2293 539 2355 de
547 2279 721 2358 Antoni
744 2271 982 2401 Romagosa
982 2308 1126 2402 pages
1127 2326 1173 2397 y
1177 2306 1233 2364 de
1241 2302 1392 2390 juana
1419 2304 1495 2368 ab
1506 2288 1749 2390 Hyacinta
1764 2306 1974 2401 donsella

365 2381 507 2477 filla
525 2390 582 2455 de
611 2376 779 2494 Garau
795 2394 940 2462 Oliva
956 2410 1086 2503 pages
1099 2403 1173 2470 del
1159 2403 1343 2497 frexa
1352 2398 1597 2497 parrochia
1611 2401 1668 2466 de
1673 2387 1818 2472 Piera
1826 2401 2017 2483 defunct

354 2507 421 2574 y
425 2487 479 2550 de
466 2482 655 2589 Juana

382 2568 458 2634 Dit
466 2573 537 2638 dia
545 2571 683 2640 rebere
697 2584 751 2642 de
763 2573 923 2680 Gabriel
913 2571 1086 2676 Janer
1080 2590 1208 2678 pages
1226 2575 1274 2632 de
1294 2549 1471 2664 Aulesa
1483 2571 1537 2634 de
1554 2560 1827 2667 Montserrat
1806 2579 1917 2664 fill
1918 2579 1985 2640 de

390 2661 535 2761 jaume
560 2664 695 2764 janer
701 2686 841 2773 pages
846 2697 897 2779 y
902 2674 970 2739 de
992 2659 1173 2735 Eularia
1196 2666 1418 2757 defuncta
1448 2661 1525 2733 ab
1504 2661 1690 2766 Juana
1716 2664 1962 2764 donsella

371 2758 509 2848 filla
530 2763 586 2832 de
594 2745 781 2832 Antoni
793 2747 1049 2876 Bruguera
1056 2772 1214 2876 pages
1236 2760 1430 2855 defunct
1434 2785 1488 2874 y
1491 2769 1553 2833 de
1575 2751 1773 2833 Eularia
1785 2738 1975 2833 tots

397 2854 449 2923 de
457 2856 569 2931 dita
575 2856 837 2969 parrochia
859 2865 914 2932 de
939 2845 1132 2952 Aulesa
1145 2865 1203 2929 de
1226 2858 1525 2951 Montserrat

386 2944 546 3024 Dimars
560 2975 599 3014 a
618 2948 665 3024 6
660 2950 814 3017 rebere
821 2953 877 3021 de
864 2953 944 3049 #
945 2950 1124 3044 Alfonso
1126 2938 1206 3019 St
1196 2946 1345 3041 Juan
1346 2951 1516 3016 sabater
1525 2946 1588 3017 de
1586 2946 1822 3011 Martorell
1823 2939 1946 3044 fill
1943 2941 2014 3024 de

378 3043 507 3142 Juan
523 3021 603 3106 St
570 3040 718 3141 Juan
716 3065 931 3152 parayre
945 3054 1000 3110 de
1012 3043 1105 3110 dita
1117 3039 1221 3106 vila
1243 3039 1411 3126 defunct
1419 3067 1465 3146 y
1478 3045 1533 3110 de
1558 3030 1803 3102 Catherina
1828 3026 1916 3097 ab
1930 3015 2011 3095 Eu=

395 3140 515 3205 laria
521 3136 702 3221 donsella
707 3138 843 3227 filla
862 3143 914 3203 de
905 3138 1052 3236 Juan
1065 3114 1336 3210 Peredaltes
1333 3136 1482 3245 pages
1494 3138 1548 3205 de
1560 3142 1707 3230 Orista
1727 3131 1863 3243 bisbat
1885 3136 1960 3203 de

388 3226 496 3300 Vich
497 3264 543 3345 y
545 3244 601 3302 de
620 3218 794 3303 Elienor
