2690 3794
406 272 565 371 dissapte
572 302 607 335 a
627 288 695 343 20
718 266 854 339 rebere
875 280 925 329 de
938 264 1115 351 Hierony
1130 258 1305 357 Pallisa
1319 260 1514 357 causidich
1527 258 1696 329 habitat
1713 278 1771 323 en
1786 248 1959 353 Bara

424 372 534 446 viudo
558 366 628 431 ab
647 364 897 454 Magdalena
908 360 1091 451 donsella
1098 356 1196 447 filla
1211 370 1257 417 de
1274 364 1417 439 jaume
1430 338 1589 455 Bosch
1592 370 1718 468 pages
1729 358 1787 417 de
1782 354 1860 425 St
1853 346 2013 421 Hilari

414 467 543 562 bisbat
558 476 619 529 de
617 454 725 527 Vich
720 489 771 552 y
784 470 836 526 de
855 446 1063 552 Aldonsa
1088 448 1291 546 defuncts

417 572 481 636 dit
492 574 569 628 dia
579 553 729 626 rebere
740 569 787 624 de
774 559 1000 651 francesch
1007 540 1237 653 Regordosa
1246 542 1525 645 passamaner
1534 540 1590 600 de
1585 538 1754 600 Sarria
1764 525 1844 613 fill
1856 529 1943 590 de

413 650 586 728 Antoni
593 646 836 749 Regordosa
851 665 976 753 pages
971 671 1031 738 y
1038 654 1096 715 de
1106 619 1285 709 Beneta
1299 629 1491 728 defuncts
1501 629 1563 694 ab
1569 612 1831 710 Maryanna
1839 612 2000 681 viuda

417 771 470 834 de
475 739 586 821 Pere
604 752 756 855 Golfes
767 758 1054 855 passamaner
1064 744 1122 809 de
1141 710 1304 821 Bara

415 861 476 915 dit
482 854 552 917 dia
560 850 693 913 rebere
698 858 749 908 de
742 841 964 934 francesch
973 829 1147 908 lloberes
1150 827 1391 929 assaonador
1360 765 1479 842 habit
1478 780 1529 819 en
1396 827 1451 885 #
1459 797 1607 898 Bara
1587 803 1701 902 fill
1700 810 1773 878 de
1845 806 1899 862 t

425 941 594 1013 lloberes
610 956 714 1036 pages
730 946 789 1006 de
799 922 873 1000 St
849 929 957 1040 Iga
954 958 1008 1023 y
1018 943 1069 995 de
1251 914 1437 1006 defuncts
1446 912 1508 974 ab
1520 899 1773 989 Maryanna
1793 895 1981 995 donsella

415 1047 518 1140 filla
507 1049 564 1102 de
576 1028 689 1102 Pere
703 1024 821 1100 Tort
833 1031 1018 1127 blanquer
1028 1033 1090 1093 de
1097 1001 1256 1108 Bara
1230 1045 1287 1110 y
1299 1020 1355 1076 de
1339 1007 1521 1106 Juana

419 1135 489 1201 dit
488 1137 564 1201 dia
570 1118 724 1201 rebere
724 1141 777 1195 de
785 1123 964 1220 Raphel
988 1120 1139 1190 Niubo
1146 1139 1315 1225 perayre
1328 1122 1382 1180 de
1397 1099 1550 1198 Bara
1528 1090 1649 1202 fill
1652 1111 1699 1167 de
1707 1097 1926 1167 Salvador
1933 1083 2079 1159 Niubo

419 1222 638 1337 causidich
625 1251 683 1318 y
698 1237 760 1303 de
782 1210 958 1289 Beneta
975 1219 1172 1312 defuncts
1188 1219 1254 1282 ab
1271 1201 1418 1283 Anna
1441 1209 1620 1304 donsella
1619 1183 1764 1297 filla
1772 1198 1831 1261 de
1819 1187 2006 1285 Jaume

417 1332 558 1404 Suira
569 1332 772 1425 sisteller
782 1315 958 1407 defunct
938 1345 1004 1410 y
1015 1324 1075 1382 de
1097 1298 1313 1416 Raphela

432 1433 574 1491 dilluns
600 1449 630 1488 a
656 1436 736 1488 22
747 1413 894 1482 rebere
901 1427 955 1484 de
978 1413 1157 1503 Hierony
1170 1407 1345 1484 Toreno
1345 1415 1474 1513 pintor
1485 1413 1534 1467 de
1555 1397 1725 1463 Mataro
1737 1386 1832 1487 fill
1840 1396 1894 1453 de
1922 1393 1957 1453 t

423 1527 595 1610 defunct
596 1546 655 1611 y
670 1524 724 1588 de
757 1532 789 1588 t
879 1513 950 1584 ab
973 1505 1229 1610 Margarida
1237 1502 1426 1604 donsella
1425 1495 1555 1591 filla
1566 1500 1616 1555 de
1627 1478 1738 1553 Pere
1754 1478 1889 1559 Tries
1891 1498 2021 1584 pages

416 1627 468 1688 de
479 1598 557 1682 St
561 1605 672 1708 Boy
676 1647 723 1706 y
746 1624 801 1688 de
823 1619 1007 1684 Eularia

416 1712 479 1774 dit
490 1716 561 1769 dia
577 1705 725 1774 rebere
729 1717 782 1776 de
793 1694 960 1774 Bernat
978 1716 1078 1772 Call
1082 1714 1200 1808 pages
1213 1709 1262 1765 de
1273 1675 1356 1764 St
1353 1670 1495 1783 Esteva
1507 1695 1555 1747 de
1564 1659 1709 1743 Palau
1721 1670 1870 1740 tordera
1867 1663 1971 1757 fill

428 1812 477 1874 de
503 1797 655 1898 Guille
670 1812 763 1869 Call
774 1821 900 1907 pages
904 1838 962 1900 y
971 1817 1025 1878 de
1048 1807 1262 1872 Catherina
1274 1800 1452 1885 defunct
1464 1790 1532 1859 ab
1547 1778 1712 1856 Maria
1720 1775 1897 1866 donsella
1896 1756 2017 1861 filla

430 1912 487 1975 de
512 1900 684 1995 Guillem
702 1880 845 1968 Boix
856 1912 979 2003 pages
993 1900 1047 1959 de
1058 1887 1121 1961 la
1130 1887 1275 1962 Mora
1300 1884 1442 1991 bisbat
1459 1906 1508 1957 de
1531 1880 1652 1956 Vich
1632 1911 1698 1976 y
1701 1882 1753 1951 de
1773 1870 2029 1981 Margarida

418 1984 629 2068 Dimecres
645 2019 681 2059 a
695 2006 775 2071 24
798 1997 854 2061 de
865 1994 927 2059 dit
932 1990 1073 2052 rebere
1084 1999 1142 2056 de
1142 1996 1294 2091 jaume
1308 1982 1558 2056 Muntaner
1561 2004 1687 2083 pages
1699 1992 1752 2052 de
1754 1974 1832 2049 St
1828 1975 1956 2078 Genis
1966 1978 2021 2046 de

428 2081 580 2152 Horta
575 2075 669 2173 fill
680 2089 737 2151 de
754 2081 883 2149 Vidal
918 2074 1155 2149 Muntaner
1158 2104 1284 2185 pages
1295 2089 1345 2148 de
1355 2082 1450 2144 dita
1446 2075 1671 2183 parrochia
1668 2099 1733 2170 y
1739 2082 1794 2148 de
1809 2074 1991 2141 Maria

435 2182 497 2246 ab
508 2162 715 2280 Raphela
747 2169 986 2243 Carbonella
1000 2175 1150 2239 viuda
1165 2187 1217 2243 de
1228 2177 1433 2239 Salvador
1447 2172 1666 2239 Carbonell
1668 2177 1789 2233 veler
1799 2175 1928 2227 mori
1925 2186 2009 2229 en

431 2276 549 2365 bara

435 2361 497 2416 dit
505 2359 576 2416 dia
585 2335 732 2407 rebere
736 2343 807 2404 del
813 2321 888 2402 Sr
863 2325 969 2426 Jua
981 2321 1131 2423 Argila
1142 2335 1256 2395 doctor
1262 2355 1320 2390 en
1327 2332 1527 2387 medicina
1535 2347 1591 2392 en
1602 2304 1753 2406 Bara
1739 2332 1897 2424 populat
1889 2318 1995 2421 fill

428 2442 501 2507 del
508 2430 568 2502 Sr
560 2418 665 2524 Jua
685 2420 833 2523 Argila
849 2422 1092 2533 apothecari
1079 2452 1135 2513 y
1141 2427 1200 2487 de
1199 2425 1246 2491 la
1248 2409 1351 2484 Sra
1305 2415 1460 2507 Isabel
1494 2420 1560 2477 ab
1567 2428 1614 2480 la
1626 2413 1726 2477 Sra
1718 2398 1863 2482 Paula
1871 2413 2034 2514 dosella

418 2520 537 2618 filla
560 2530 629 2596 de
632 2518 874 2628 francesch
887 2518 1102 2596 Sauleda
1118 2530 1323 2589 mercader
1334 2518 1390 2582 de
1394 2508 1498 2579 Vich
1506 2508 1678 2596 defunct
1672 2532 1724 2589 y
1737 2513 1793 2574 de
1802 2512 1853 2567 la
1876 2493 1986 2570 Sra

441 2628 698 2723 Magdalena

433 2724 497 2786 dit
500 2727 562 2784 dia
575 2717 715 2784 rebere
724 2732 775 2786 de
791 2708 970 2810 Miquel
985 2698 1131 2769 Riera
1130 2708 1191 2769 de
1199 2698 1435 2796 Granollers
1428 2693 1613 2788 sabater
1607 2681 1714 2789 fill
1716 2693 1767 2745 de
1757 2683 1878 2777 Jua
1867 2674 2019 2753 Riera

435 2805 616 2896 blanquer
628 2809 797 2889 defunct
791 2831 850 2889 y
856 2815 909 2867 de
930 2793 1126 2893 Miquela
1137 2792 1210 2855 ab
1216 2785 1459 2873 Marianna
1461 2788 1635 2876 donsella
1639 2771 1755 2871 filla
1763 2787 1813 2843 de
1824 2757 2012 2843 Bernat

436 2897 590 2988 Major
585 2903 732 2984 sastre
748 2907 804 2959 de
807 2890 984 2981 Vilassar
990 2910 1046 2971 y
1060 2897 1107 2955 de
1127 2870 1282 2947 Paula

433 2993 509 3055 dit
517 2993 592 3052 dia
616 2978 755 3050 rebere
767 2995 820 3047 de
824 2973 986 3050 Ramo
1017 2956 1147 3066 Basi
1153 2961 1294 3066 pages
1297 2978 1349 3035 de
1353 2963 1529 3054 fransa
1547 2949 1740 3025 habitant
1740 2977 1798 3015 en
1806 2941 1887 3016 St
1874 2941 2043 3018 Andreu

426 3089 482 3144 de
490 3067 703 3144 Palomar
721 3072 784 3134 ab
796 3068 943 3135 Maria
954 3075 1107 3162 Deseny
1117 3068 1262 3154 dosella
1276 3060 1404 3127 tambe
1408 3054 1609 3149 francesa
1619 3034 1776 3117 habitat
1780 3067 1832 3110 en
1833 3051 1920 3110 dita
1912 3027 2081 3149 parroa

430 3168 489 3236 dit
503 3170 571 3227 dia
584 3153 718 3227 rebere
733 3173 790 3227 de
803 3136 924 3224 Pere
949 3151 1066 3234 Elies
1076 3172 1210 3222 viudo
1213 3151 1363 3264 pages
1367 3163 1438 3225 del
1444 3156 1551 3220 lloch
1566 3163 1620 3222 de
1639 3138 1777 3215 Roda
1793 3136 2062 3249 Archebisbat

421 3270 477 3332 de
485 3253 732 3351 Tarragona
769 3251 838 3322 ab
853 3251 1022 3319 Elienor
1036 3253 1215 3344 donsella
1223 3253 1349 3339 filla
1367 3250 1426 3312 de
1451 3240 1599 3337 Cosma
1620 3241 1794 3337 Vergili
1804 3250 1943 3341 pages
1949 3235 2036 3302 del

428 3355 530 3419 lloch
555 3358 607 3417 de
615 3348 766 3446 Vergili
783 3357 831 3410 de
848 3351 893 3407 la
918 3340 1082 3409 Vilella
1093 3340 1309 3448 parrochia
1326 3343 1392 3400 del
1403 3331 1529 3402 Alba
1545 3336 1685 3432 bisbat
1694 3341 1743 3397 de
1756 3328 1882 3412 bara
1867 3351 1930 3417 y
1937 3336 1997 3393 de

430 3450 561 3516 #
596 3438 795 3517 #
448 3409 682 3478 Magdalena
