<?xml version="1.0" encoding="utf-8"?>
<PcGts xmlns="http://schema.primaresearch.org/PAGE/gts/pagecontent/2013-07-15">
  <Metadata>
    <Creator>GeneraPageCompeition</Creator>
    <Created>2017-11-30T18:34:49Z</Created>
    <LastChange>2017-11-30T18:34:49Z</LastChange>
  </Metadata>
  <Page imageFilename="Volum_069_Registres_0086.jpg" imageHeight="3794" imageWidth="2690">
    <Property key="idPage" value="10436"/>
    <TextRegion id="Record1">
      <Coords points="0,0 0,0"/>
      <TextLine id="Record1_Line0">
        <Coords points="0,0 0,0"/>
        <Word id="Record1_Line0_Word0">
          <Property key="category" value="other"/>
          <Property key="person" value="none"/>
          <Coords points="352,320 546,320 546,418 352,418"/>
          <TextEquiv>
            <Unicode>Dissapte</Unicode>
          </TextEquiv>
        </Word>
        <Word id="Record1_Line0_Word1">
          <Property key="category" value="other"/>
          <Property key="person" value="none"/>
          <Coords points="549,346 583,346 583,377 549,377"/>
          <TextEquiv>
            <Unicode>a</Unicode>
          </TextEquiv>
        </Word>
        <Word id="Record1_Line0_Word2">
          <Property key="category" value="other"/>
          <Property key="person" value="none"/>
          <Coords points="587,325 665,325 665,401 587,401"/>
          <TextEquiv>
            <Unicode>14</Unicode>
          </TextEquiv>
        </Word>
        <Word id="Record1_Line0_Word3">
          <Property key="category" value="other"/>
          <Property key="person" value="none"/>
          <Coords points="666,310 806,310 806,391 666,391"/>
          <TextEquiv>
            <Unicode>rebere</Unicode>
          </TextEquiv>
        </Word>
        <Word id="Record1_Line0_Word4">
          <Property key="category" value="other"/>
          <Property key="person" value="none"/>
          <Coords points="805,306 871,306 871,391 805,391"/>
          <TextEquiv>
            <Unicode>de</Unicode>
          </TextEquiv>
        </Word>
        <Word id="Record1_Line0_Word5">
          <Property key="category" value="name"/>
          <Property key="person" value="husband"/>
          <Coords points="877,308 1049,308 1049,377 877,377"/>
          <TextEquiv>
            <Unicode>Mathia</Unicode>
          </TextEquiv>
        </Word>
        <Word id="Record1_Line0_Word6">
          <Property key="category" value="surname"/>
          <Property key="person" value="husband"/>
          <Coords points="1061,297 1288,297 1288,404 1061,404"/>
          <TextEquiv>
            <Unicode>Broquetes</Unicode>
          </TextEquiv>
        </Word>
        <Word id="Record1_Line0_Word7">
          <Property key="category" value="occupation"/>
          <Property key="person" value="husband"/>
          <Coords points="1297,304 1451,304 1451,376 1297,376"/>
          <TextEquiv>
            <Unicode>texidor</Unicode>
          </TextEquiv>
        </Word>
        <Word id="Record1_Line0_Word8">
          <Property key="category" value="occupation"/>
          <Property key="person" value="husband"/>
          <Coords points="1457,300 1526,300 1526,378 1457,378"/>
          <TextEquiv>
            <Unicode>de</Unicode>
          </TextEquiv>
        </Word>
        <Word id="Record1_Line0_Word9">
          <Property key="category" value="occupation"/>
          <Property key="person" value="husband"/>
          <Coords points="1521,302 1647,302 1647,386 1521,386"/>
          <TextEquiv>
            <Unicode>llana</Unicode>
          </TextEquiv>
        </Word>
        <Word id="Record1_Line0_Word10">
          <Property key="category" value="other"/>
          <Property key="person" value="none"/>
          <Coords points="1660,302 1718,302 1718,372 1660,372"/>
          <TextEquiv>
            <Unicode>de</Unicode>
          </TextEquiv>
        </Word>
        <Word id="Record1_Line0_Word11">
          <Property key="category" value="location"/>
          <Property key="person" value="husband"/>
          <Coords points="1732,292 1915,292 1915,389 1732,389"/>
          <TextEquiv>
            <Unicode>Terrassa</Unicode>
          </TextEquiv>
        </Word>
        <Word id="Record1_Line0_Word12">
          <Property key="category" value="other"/>
          <Property key="person" value="none"/>
          <Coords points="1922,287 2022,287 2022,376 1922,376"/>
          <TextEquiv>
            <Unicode>ha=</Unicode>
          </TextEquiv>
        </Word>
      </TextLine>
      <TextLine id="Record1_Line1">
        <Coords points="0,0 0,0"/>
        <Word id="Record1_Line1_Word0">
          <Property key="category" value="other"/>
          <Property key="person" value="none"/>
          <Coords points="393,417 533,417 533,477 393,477"/>
          <TextEquiv>
            <Unicode>bitant</Unicode>
          </TextEquiv>
        </Word>
        <Word id="Record1_Line1_Word1">
          <Property key="category" value="other"/>
          <Property key="person" value="none"/>
          <Coords points="545,430 602,430 602,474 545,474"/>
          <TextEquiv>
            <Unicode>en</Unicode>
          </TextEquiv>
        </Word>
        <Word id="Record1_Line1_Word2">
          <Property key="category" value="location"/>
          <Property key="person" value="husband"/>
          <Coords points="614,396 752,396 752,495 614,495"/>
          <TextEquiv>
            <Unicode>Bara</Unicode>
          </TextEquiv>
        </Word>
        <Word id="Record1_Line1_Word3">
          <Property key="category" value="other"/>
          <Property key="person" value="none"/>
          <Coords points="756,408 854,408 854,488 756,488"/>
          <TextEquiv>
            <Unicode>fill</Unicode>
          </TextEquiv>
        </Word>
        <Word id="Record1_Line1_Word4">
          <Property key="category" value="other"/>
          <Property key="person" value="none"/>
          <Coords points="860,408 910,408 910,470 860,470"/>
          <TextEquiv>
            <Unicode>de</Unicode>
          </TextEquiv>
        </Word>
        <Word id="Record1_Line1_Word5">
          <Property key="category" value="name"/>
          <Property key="person" value="husbands_father"/>
          <Coords points="922,401 1123,401 1123,495 922,495"/>
          <TextEquiv>
            <Unicode>Domingo</Unicode>
          </TextEquiv>
        </Word>
        <Word id="Record1_Line1_Word6">
          <Property key="category" value="surname"/>
          <Property key="person" value="husbands_father"/>
          <Coords points="1129,380 1381,380 1381,495 1129,495"/>
          <TextEquiv>
            <Unicode>Broquetes</Unicode>
          </TextEquiv>
        </Word>
        <Word id="Record1_Line1_Word7">
          <Property key="category" value="occupation"/>
          <Property key="person" value="husbands_father"/>
          <Coords points="1393,401 1555,401 1555,465 1393,465"/>
          <TextEquiv>
            <Unicode>texidor</Unicode>
          </TextEquiv>
        </Word>
        <Word id="Record1_Line1_Word8">
          <Property key="category" value="occupation"/>
          <Property key="person" value="husbands_father"/>
          <Coords points="1563,405 1613,405 1613,461 1563,461"/>
          <TextEquiv>
            <Unicode>de</Unicode>
          </TextEquiv>
        </Word>
        <Word id="Record1_Line1_Word9">
          <Property key="category" value="occupation"/>
          <Property key="person" value="husbands_father"/>
          <Coords points="1623,399 1743,399 1743,456 1623,456"/>
          <TextEquiv>
            <Unicode>llana</Unicode>
          </TextEquiv>
        </Word>
        <Word id="Record1_Line1_Word10">
          <Property key="category" value="other"/>
          <Property key="person" value="none"/>
          <Coords points="1758,405 1804,405 1804,456 1758,456"/>
          <TextEquiv>
            <Unicode>de</Unicode>
          </TextEquiv>
        </Word>
        <Word id="Record1_Line1_Word11">
          <Property key="category" value="location"/>
          <Property key="person" value="husbands_father"/>
          <Coords points="1825,381 2015,381 2015,474 1825,474"/>
          <TextEquiv>
            <Unicode>Terrassa</Unicode>
          </TextEquiv>
        </Word>
      </TextLine>
      <TextLine id="Record1_Line2">
        <Coords points="0,0 0,0"/>
        <Word id="Record1_Line2_Word0">
          <Property key="category" value="other"/>
          <Property key="person" value="none"/>
          <Coords points="372,534 429,534 429,599 372,599"/>
          <TextEquiv>
            <Unicode>y</Unicode>
          </TextEquiv>
        </Word>
        <Word id="Record1_Line2_Word1">
          <Property key="category" value="other"/>
          <Property key="person" value="none"/>
          <Coords points="441,519 488,519 488,572 441,572"/>
          <TextEquiv>
            <Unicode>de</Unicode>
          </TextEquiv>
        </Word>
        <Word id="Record1_Line2_Word2">
          <Property key="category" value="name"/>
          <Property key="person" value="husbands_mother"/>
          <Coords points="510,496 679,496 679,572 510,572"/>
          <TextEquiv>
            <Unicode>Elienor</Unicode>
          </TextEquiv>
        </Word>
        <Word id="Record1_Line2_Word3">
          <Property key="category" value="other"/>
          <Property key="person" value="none"/>
          <Coords points="697,501 886,501 886,581 697,581"/>
          <TextEquiv>
            <Unicode>defuncts</Unicode>
          </TextEquiv>
        </Word>
        <Word id="Record1_Line2_Word4">
          <Property key="category" value="other"/>
          <Property key="person" value="none"/>
          <Coords points="914,507 973,507 973,562 914,562"/>
          <TextEquiv>
            <Unicode>ab</Unicode>
          </TextEquiv>
        </Word>
        <Word id="Record1_Line2_Word5">
          <Property key="category" value="name"/>
          <Property key="person" value="wife"/>
          <Coords points="959,500 1125,500 1125,592 959,592"/>
          <TextEquiv>
            <Unicode>Juana</Unicode>
          </TextEquiv>
        </Word>
        <Word id="Record1_Line2_Word6">
          <Property key="category" value="state"/>
          <Property key="person" value="wife"/>
          <Coords points="1146,496 1316,496 1316,581 1146,581"/>
          <TextEquiv>
            <Unicode>donsella</Unicode>
          </TextEquiv>
        </Word>
        <Word id="Record1_Line2_Word7">
          <Property key="category" value="other"/>
          <Property key="person" value="none"/>
          <Coords points="1317,490 1440,490 1440,574 1317,574"/>
          <TextEquiv>
            <Unicode>filla</Unicode>
          </TextEquiv>
        </Word>
        <Word id="Record1_Line2_Word8">
          <Property key="category" value="other"/>
          <Property key="person" value="none"/>
          <Coords points="1465,494 1514,494 1514,554 1465,554"/>
          <TextEquiv>
            <Unicode>de</Unicode>
          </TextEquiv>
        </Word>
        <Word id="Record1_Line2_Word9">
          <Property key="category" value="name"/>
          <Property key="person" value="wifes_father"/>
          <Coords points="1530,471 1689,471 1689,549 1530,549"/>
          <TextEquiv>
            <Unicode>Arnau</Unicode>
          </TextEquiv>
        </Word>
        <Word id="Record1_Line2_Word10">
          <Property key="category" value="surname"/>
          <Property key="person" value="wifes_father"/>
          <Coords points="1710,465 1819,465 1819,574 1710,574"/>
          <TextEquiv>
            <Unicode>Puig</Unicode>
          </TextEquiv>
        </Word>
        <Word id="Record1_Line2_Word11">
          <Property key="category" value="occupation"/>
          <Property key="person" value="wifes_father"/>
          <Coords points="1827,494 2015,494 2015,579 1827,579"/>
          <TextEquiv>
            <Unicode>parayre</Unicode>
          </TextEquiv>
        </Word>
      </TextLine>
      <TextLine id="Record1_Line3">
        <Coords points="0,0 0,0"/>
        <Word id="Record1_Line3_Word0">
          <Property key="category" value="other"/>
          <Property key="person" value="none"/>
          <Coords points="386,614 437,614 437,676 386,676"/>
          <TextEquiv>
            <Unicode>de</Unicode>
          </TextEquiv>
        </Word>
        <Word id="Record1_Line3_Word1">
          <Property key="category" value="location"/>
          <Property key="person" value="wifes_father"/>
          <Coords points="447,600 698,600 698,707 447,707"/>
          <TextEquiv>
            <Unicode>Sparaguera</Unicode>
          </TextEquiv>
        </Word>
        <Word id="Record1_Line3_Word2">
          <Property key="category" value="other"/>
          <Property key="person" value="none"/>
          <Coords points="721,596 889,596 889,682 721,682"/>
          <TextEquiv>
            <Unicode>defunct</Unicode>
          </TextEquiv>
        </Word>
        <Word id="Record1_Line3_Word3">
          <Property key="category" value="other"/>
          <Property key="person" value="none"/>
          <Coords points="875,620 936,620 936,682 875,682"/>
          <TextEquiv>
            <Unicode>y</Unicode>
          </TextEquiv>
        </Word>
        <Word id="Record1_Line3_Word4">
          <Property key="category" value="other"/>
          <Property key="person" value="none"/>
          <Coords points="949,602 1001,602 1001,660 949,660"/>
          <TextEquiv>
            <Unicode>de</Unicode>
          </TextEquiv>
        </Word>
        <Word id="Record1_Line3_Word5">
          <Property key="category" value="name"/>
          <Property key="person" value="wifes_mother"/>
          <Coords points="1009,578 1199,578 1199,653 1009,653"/>
          <TextEquiv>
            <Unicode>Antonia</Unicode>
          </TextEquiv>
        </Word>
      </TextLine>
    </TextRegion>
    <TextRegion id="Record2">
      <Coords points="0,0 0,0"/>
      <TextLine id="Record2_Line0">
        <Coords points="0,0 0,0"/>
        <Word id="Record2_Line0_Word0">
          <Property key="category" value="other"/>
          <Property key="person" value="none"/>
          <Coords points="372,693 455,693 455,755 372,755"/>
          <TextEquiv>
            <Unicode>Dit</Unicode>
          </TextEquiv>
        </Word>
        <Word id="Record2_Line0_Word1">
          <Property key="category" value="other"/>
          <Property key="person" value="none"/>
          <Coords points="467,704 542,704 542,757 467,757"/>
          <TextEquiv>
            <Unicode>dia</Unicode>
          </TextEquiv>
        </Word>
        <Word id="Record2_Line0_Word2">
          <Property key="category" value="other"/>
          <Property key="person" value="none"/>
          <Coords points="556,684 702,684 702,755 556,755"/>
          <TextEquiv>
            <Unicode>rebere</Unicode>
          </TextEquiv>
        </Word>
        <Word id="Record2_Line0_Word3">
          <Property key="category" value="other"/>
          <Property key="person" value="none"/>
          <Coords points="712,699 757,699 757,752 712,752"/>
          <TextEquiv>
            <Unicode>de</Unicode>
          </TextEquiv>
        </Word>
        <Word id="Record2_Line0_Word4">
          <Property key="category" value="name"/>
          <Property key="person" value="husband"/>
          <Coords points="761,684 933,684 933,756 761,756"/>
          <TextEquiv>
            <Unicode>Antoni</Unicode>
          </TextEquiv>
        </Word>
        <Word id="Record2_Line0_Word5">
          <Property key="category" value="name"/>
          <Property key="person" value="husband"/>
          <Coords points="922,686 1065,686 1065,787 922,787"/>
          <TextEquiv>
            <Unicode>Juan</Unicode>
          </TextEquiv>
        </Word>
        <Word id="Record2_Line0_Word6">
          <Property key="category" value="surname"/>
          <Property key="person" value="husband"/>
          <Coords points="1063,682 1297,682 1297,775 1063,775"/>
          <TextEquiv>
            <Unicode>foradada</Unicode>
          </TextEquiv>
        </Word>
        <Word id="Record2_Line0_Word7">
          <Property key="category" value="occupation"/>
          <Property key="person" value="husband"/>
          <Coords points="1298,695 1420,695 1420,777 1298,777"/>
          <TextEquiv>
            <Unicode>pages</Unicode>
          </TextEquiv>
        </Word>
        <Word id="Record2_Line0_Word8">
          <Property key="category" value="other"/>
          <Property key="person" value="none"/>
          <Coords points="1435,684 1489,684 1489,739 1435,739"/>
          <TextEquiv>
            <Unicode>de</Unicode>
          </TextEquiv>
        </Word>
        <Word id="Record2_Line0_Word9">
          <Property key="category" value="location"/>
          <Property key="person" value="husband"/>
          <Coords points="1501,675 1687,675 1687,768 1501,768"/>
          <TextEquiv>
            <Unicode>Solsona</Unicode>
          </TextEquiv>
        </Word>
        <Word id="Record2_Line0_Word10">
          <Property key="category" value="other"/>
          <Property key="person" value="none"/>
          <Coords points="1695,666 1889,666 1889,732 1695,732"/>
          <TextEquiv>
            <Unicode>habitant</Unicode>
          </TextEquiv>
        </Word>
        <Word id="Record2_Line0_Word11">
          <Property key="category" value="other"/>
          <Property key="person" value="none"/>
          <Coords points="1901,693 1978,693 1978,732 1901,732"/>
          <TextEquiv>
            <Unicode>en</Unicode>
          </TextEquiv>
        </Word>
      </TextLine>
      <TextLine id="Record2_Line1">
        <Coords points="0,0 0,0"/>
        <Word id="Record2_Line1_Word0">
          <Property key="category" value="location"/>
          <Property key="person" value="husband"/>
          <Coords points="376,776 524,776 524,868 376,868"/>
          <TextEquiv>
            <Unicode>Bara</Unicode>
          </TextEquiv>
        </Word>
        <Word id="Record2_Line1_Word1">
          <Property key="category" value="other"/>
          <Property key="person" value="none"/>
          <Coords points="521,783 620,783 620,873 521,873"/>
          <TextEquiv>
            <Unicode>fill</Unicode>
          </TextEquiv>
        </Word>
        <Word id="Record2_Line1_Word2">
          <Property key="category" value="other"/>
          <Property key="person" value="none"/>
          <Coords points="632,799 683,799 683,852 632,852"/>
          <TextEquiv>
            <Unicode>de</Unicode>
          </TextEquiv>
        </Word>
        <Word id="Record2_Line1_Word3">
          <Property key="category" value="name"/>
          <Property key="person" value="husbands_father"/>
          <Coords points="696,774 875,774 875,863 696,863"/>
          <TextEquiv>
            <Unicode>Antoni</Unicode>
          </TextEquiv>
        </Word>
        <Word id="Record2_Line1_Word4">
          <Property key="category" value="surname"/>
          <Property key="person" value="husbands_father"/>
          <Coords points="864,788 1101,788 1101,875 864,875"/>
          <TextEquiv>
            <Unicode>foradada</Unicode>
          </TextEquiv>
        </Word>
        <Word id="Record2_Line1_Word5">
          <Property key="category" value="occupation"/>
          <Property key="person" value="husbands_father"/>
          <Coords points="1105,789 1230,789 1230,886 1105,886"/>
          <TextEquiv>
            <Unicode>pages</Unicode>
          </TextEquiv>
        </Word>
        <Word id="Record2_Line1_Word6">
          <Property key="category" value="other"/>
          <Property key="person" value="none"/>
          <Coords points="1243,784 1288,784 1288,837 1243,837"/>
          <TextEquiv>
            <Unicode>de</Unicode>
          </TextEquiv>
        </Word>
        <Word id="Record2_Line1_Word7">
          <Property key="category" value="location"/>
          <Property key="person" value="husbands_father"/>
          <Coords points="1302,776 1475,776 1475,864 1302,864"/>
          <TextEquiv>
            <Unicode>Solsona</Unicode>
          </TextEquiv>
        </Word>
        <Word id="Record2_Line1_Word8">
          <Property key="category" value="other"/>
          <Property key="person" value="none"/>
          <Coords points="1473,795 1524,795 1524,854 1473,854"/>
          <TextEquiv>
            <Unicode>y</Unicode>
          </TextEquiv>
        </Word>
        <Word id="Record2_Line1_Word9">
          <Property key="category" value="other"/>
          <Property key="person" value="none"/>
          <Coords points="1536,774 1587,774 1587,834 1536,834"/>
          <TextEquiv>
            <Unicode>de</Unicode>
          </TextEquiv>
        </Word>
        <Word id="Record2_Line1_Word10">
          <Property key="category" value="name"/>
          <Property key="person" value="husbands_mother"/>
          <Coords points="1597,763 1796,763 1796,825 1597,825"/>
          <TextEquiv>
            <Unicode>Saldonia</Unicode>
          </TextEquiv>
        </Word>
        <Word id="Record2_Line1_Word11">
          <Property key="category" value="other"/>
          <Property key="person" value="none"/>
          <Coords points="1814,759 1999,759 1999,848 1814,848"/>
          <TextEquiv>
            <Unicode>defuncts</Unicode>
          </TextEquiv>
        </Word>
      </TextLine>
      <TextLine id="Record2_Line2">
        <Coords points="0,0 0,0"/>
        <Word id="Record2_Line2_Word0">
          <Property key="category" value="other"/>
          <Property key="person" value="none"/>
          <Coords points="386,885 449,885 449,943 386,943"/>
          <TextEquiv>
            <Unicode>ab</Unicode>
          </TextEquiv>
        </Word>
        <Word id="Record2_Line2_Word1">
          <Property key="category" value="name"/>
          <Property key="person" value="wife"/>
          <Coords points="463,872 678,872 678,977 463,977"/>
          <TextEquiv>
            <Unicode>Raphela</Unicode>
          </TextEquiv>
        </Word>
        <Word id="Record2_Line2_Word2">
          <Property key="category" value="state"/>
          <Property key="person" value="wife"/>
          <Coords points="699,885 882,885 882,970 699,970"/>
          <TextEquiv>
            <Unicode>donsella</Unicode>
          </TextEquiv>
        </Word>
        <Word id="Record2_Line2_Word3">
          <Property key="category" value="other"/>
          <Property key="person" value="none"/>
          <Coords points="886,880 1010,880 1010,972 886,972"/>
          <TextEquiv>
            <Unicode>filla</Unicode>
          </TextEquiv>
        </Word>
        <Word id="Record2_Line2_Word4">
          <Property key="category" value="other"/>
          <Property key="person" value="none"/>
          <Coords points="1027,880 1078,880 1078,941 1027,941"/>
          <TextEquiv>
            <Unicode>de</Unicode>
          </TextEquiv>
        </Word>
        <Word id="Record2_Line2_Word5">
          <Property key="category" value="name"/>
          <Property key="person" value="wifes_father"/>
          <Coords points="1094,856 1270,856 1270,936 1094,936"/>
          <TextEquiv>
            <Unicode>Antich</Unicode>
          </TextEquiv>
        </Word>
        <Word id="Record2_Line2_Word6">
          <Property key="category" value="surname"/>
          <Property key="person" value="wifes_father"/>
          <Coords points="1280,869 1422,869 1422,929 1280,929"/>
          <TextEquiv>
            <Unicode>Salvi</Unicode>
          </TextEquiv>
        </Word>
        <Word id="Record2_Line2_Word7">
          <Property key="category" value="occupation"/>
          <Property key="person" value="wifes_father"/>
          <Coords points="1424,883 1603,883 1603,965 1424,965"/>
          <TextEquiv>
            <Unicode>parayre</Unicode>
          </TextEquiv>
        </Word>
        <Word id="Record2_Line2_Word8">
          <Property key="category" value="other"/>
          <Property key="person" value="none"/>
          <Coords points="1623,869 1676,869 1676,924 1623,924"/>
          <TextEquiv>
            <Unicode>de</Unicode>
          </TextEquiv>
        </Word>
        <Word id="Record2_Line2_Word9">
          <Property key="category" value="location"/>
          <Property key="person" value="wifes_father"/>
          <Coords points="1682,853 1889,853 1889,920 1682,920"/>
          <TextEquiv>
            <Unicode>Manlleu</Unicode>
          </TextEquiv>
        </Word>
        <Word id="Record2_Line2_Word10">
          <Property key="category" value="location"/>
          <Property key="person" value="wifes_father"/>
          <Coords points="1905,842 2032,842 2032,945 1905,945"/>
          <TextEquiv>
            <Unicode>bisbat</Unicode>
          </TextEquiv>
        </Word>
      </TextLine>
      <TextLine id="Record2_Line3">
        <Coords points="0,0 0,0"/>
        <Word id="Record2_Line3_Word0">
          <Property key="category" value="location"/>
          <Property key="person" value="wifes_father"/>
          <Coords points="382,985 440,985 440,1045 382,1045"/>
          <TextEquiv>
            <Unicode>de</Unicode>
          </TextEquiv>
        </Word>
        <Word id="Record2_Line3_Word1">
          <Property key="category" value="location"/>
          <Property key="person" value="wifes_father"/>
          <Coords points="447,967 550,967 550,1042 447,1042"/>
          <TextEquiv>
            <Unicode>Vich</Unicode>
          </TextEquiv>
        </Word>
        <Word id="Record2_Line3_Word2">
          <Property key="category" value="other"/>
          <Property key="person" value="none"/>
          <Coords points="575,973 754,973 754,1060 575,1060"/>
          <TextEquiv>
            <Unicode>defunct</Unicode>
          </TextEquiv>
        </Word>
        <Word id="Record2_Line3_Word3">
          <Property key="category" value="other"/>
          <Property key="person" value="none"/>
          <Coords points="767,1000 815,1000 815,1078 767,1078"/>
          <TextEquiv>
            <Unicode>y</Unicode>
          </TextEquiv>
        </Word>
        <Word id="Record2_Line3_Word4">
          <Property key="category" value="other"/>
          <Property key="person" value="none"/>
          <Coords points="821,978 878,978 878,1037 821,1037"/>
          <TextEquiv>
            <Unicode>de</Unicode>
          </TextEquiv>
        </Word>
        <Word id="Record2_Line3_Word5">
          <Property key="category" value="name"/>
          <Property key="person" value="wifes_mother"/>
          <Coords points="946,976 980,976 980,1031 946,1031"/>
          <TextEquiv>
            <Unicode>t</Unicode>
          </TextEquiv>
        </Word>
      </TextLine>
    </TextRegion>
    <TextRegion id="Record3">
      <Coords points="0,0 0,0"/>
      <TextLine id="Record3_Line0">
        <Coords points="0,0 0,0"/>
        <Word id="Record3_Line0_Word0">
          <Property key="category" value="other"/>
          <Property key="person" value="none"/>
          <Coords points="367,1063 449,1063 449,1130 367,1130"/>
          <TextEquiv>
            <Unicode>Dit</Unicode>
          </TextEquiv>
        </Word>
        <Word id="Record3_Line0_Word1">
          <Property key="category" value="other"/>
          <Property key="person" value="none"/>
          <Coords points="459,1066 537,1066 537,1128 459,1128"/>
          <TextEquiv>
            <Unicode>dia</Unicode>
          </TextEquiv>
        </Word>
        <Word id="Record3_Line0_Word2">
          <Property key="category" value="other"/>
          <Property key="person" value="none"/>
          <Coords points="550,1052 683,1052 683,1124 550,1124"/>
          <TextEquiv>
            <Unicode>rebere</Unicode>
          </TextEquiv>
        </Word>
        <Word id="Record3_Line0_Word3">
          <Property key="category" value="other"/>
          <Property key="person" value="none"/>
          <Coords points="701,1066 748,1066 748,1128 701,1128"/>
          <TextEquiv>
            <Unicode>de</Unicode>
          </TextEquiv>
        </Word>
        <Word id="Record3_Line0_Word4">
          <Property key="category" value="name"/>
          <Property key="person" value="husband"/>
          <Coords points="751,1073 900,1073 900,1157 751,1157"/>
          <TextEquiv>
            <Unicode>jaume</Unicode>
          </TextEquiv>
        </Word>
        <Word id="Record3_Line0_Word5">
          <Property key="category" value="surname"/>
          <Property key="person" value="husband"/>
          <Coords points="920,1052 1064,1052 1064,1122 920,1122"/>
          <TextEquiv>
            <Unicode>Vidal</Unicode>
          </TextEquiv>
        </Word>
        <Word id="Record3_Line0_Word6">
          <Property key="category" value="occupation"/>
          <Property key="person" value="husband"/>
          <Coords points="1064,1064 1221,1064 1221,1144 1064,1144"/>
          <TextEquiv>
            <Unicode>ferrer</Unicode>
          </TextEquiv>
        </Word>
        <Word id="Record3_Line0_Word7">
          <Property key="category" value="other"/>
          <Property key="person" value="none"/>
          <Coords points="1237,1048 1299,1048 1299,1116 1237,1116"/>
          <TextEquiv>
            <Unicode>#</Unicode>
          </TextEquiv>
        </Word>
        <Word id="Record3_Line0_Word8">
          <Property key="category" value="other"/>
          <Property key="person" value="none"/>
          <Coords points="1309,1034 1451,1034 1451,1139 1309,1139"/>
          <TextEquiv>
            <Unicode>#</Unicode>
          </TextEquiv>
        </Word>
        <Word id="Record3_Line0_Word9">
          <Property key="category" value="other"/>
          <Property key="person" value="none"/>
          <Coords points="1102,1003 1166,1003 1166,1054 1102,1054"/>
          <TextEquiv>
            <Unicode>del</Unicode>
          </TextEquiv>
        </Word>
        <Word id="Record3_Line0_Word10">
          <Property key="category" value="other"/>
          <Property key="person" value="none"/>
          <Coords points="1178,998 1277,998 1277,1053 1178,1053"/>
          <TextEquiv>
            <Unicode>lloch</Unicode>
          </TextEquiv>
        </Word>
        <Word id="Record3_Line0_Word11">
          <Property key="category" value="other"/>
          <Property key="person" value="none"/>
          <Coords points="1280,1001 1333,1001 1333,1051 1280,1051"/>
          <TextEquiv>
            <Unicode>de</Unicode>
          </TextEquiv>
        </Word>
        <Word id="Record3_Line0_Word12">
          <Property key="category" value="location"/>
          <Property key="person" value="husband"/>
          <Coords points="1339,996 1483,996 1483,1045 1339,1045"/>
          <TextEquiv>
            <Unicode>Stana</Unicode>
          </TextEquiv>
        </Word>
        <Word id="Record3_Line0_Word13">
          <Property key="category" value="location"/>
          <Property key="person" value="husband"/>
          <Coords points="1491,991 1622,991 1622,1076 1491,1076"/>
          <TextEquiv>
            <Unicode>bisbat</Unicode>
          </TextEquiv>
        </Word>
        <Word id="Record3_Line0_Word14">
          <Property key="category" value="location"/>
          <Property key="person" value="husband"/>
          <Coords points="1632,992 1681,992 1681,1042 1632,1042"/>
          <TextEquiv>
            <Unicode>de</Unicode>
          </TextEquiv>
        </Word>
        <Word id="Record3_Line0_Word15">
          <Property key="category" value="location"/>
          <Property key="person" value="husband"/>
          <Coords points="1688,985 1808,985 1808,1069 1688,1069"/>
          <TextEquiv>
            <Unicode>Urgell</Unicode>
          </TextEquiv>
        </Word>
        <Word id="Record3_Line0_Word16">
          <Property key="category" value="other"/>
          <Property key="person" value="none"/>
          <Coords points="1467,1041 1663,1041 1663,1110 1467,1110"/>
          <TextEquiv>
            <Unicode>habitant</Unicode>
          </TextEquiv>
        </Word>
        <Word id="Record3_Line0_Word17">
          <Property key="category" value="other"/>
          <Property key="person" value="none"/>
          <Coords points="1673,1061 1726,1061 1726,1103 1673,1103"/>
          <TextEquiv>
            <Unicode>en</Unicode>
          </TextEquiv>
        </Word>
        <Word id="Record3_Line0_Word18">
          <Property key="category" value="location"/>
          <Property key="person" value="husband"/>
          <Coords points="1740,1021 1882,1021 1882,1128 1740,1128"/>
          <TextEquiv>
            <Unicode>Bara</Unicode>
          </TextEquiv>
        </Word>
        <Word id="Record3_Line0_Word19">
          <Property key="category" value="other"/>
          <Property key="person" value="none"/>
          <Coords points="1864,1039 1976,1039 1976,1126 1864,1126"/>
          <TextEquiv>
            <Unicode>fill</Unicode>
          </TextEquiv>
        </Word>
      </TextLine>
      <TextLine id="Record3_Line1">
        <Coords points="0,0 0,0"/>
        <Word id="Record3_Line1_Word0">
          <Property key="category" value="other"/>
          <Property key="person" value="none"/>
          <Coords points="374,1168 429,1168 429,1225 374,1225"/>
          <TextEquiv>
            <Unicode>de</Unicode>
          </TextEquiv>
        </Word>
        <Word id="Record3_Line1_Word1">
          <Property key="category" value="name"/>
          <Property key="person" value="husbands_father"/>
          <Coords points="415,1154 561,1154 561,1250 415,1250"/>
          <TextEquiv>
            <Unicode>Juan</Unicode>
          </TextEquiv>
        </Word>
        <Word id="Record3_Line1_Word2">
          <Property key="category" value="surname"/>
          <Property key="person" value="husbands_father"/>
          <Coords points="584,1148 731,1148 731,1223 584,1223"/>
          <TextEquiv>
            <Unicode>Vidal</Unicode>
          </TextEquiv>
        </Word>
        <Word id="Record3_Line1_Word3">
          <Property key="category" value="occupation"/>
          <Property key="person" value="husbands_father"/>
          <Coords points="729,1173 861,1173 861,1259 729,1259"/>
          <TextEquiv>
            <Unicode>pages</Unicode>
          </TextEquiv>
        </Word>
        <Word id="Record3_Line1_Word4">
          <Property key="category" value="other"/>
          <Property key="person" value="none"/>
          <Coords points="875,1163 930,1163 930,1223 875,1223"/>
          <TextEquiv>
            <Unicode>de</Unicode>
          </TextEquiv>
        </Word>
        <Word id="Record3_Line1_Word5">
          <Property key="category" value="location"/>
          <Property key="person" value="husbands_father"/>
          <Coords points="944,1130 1090,1130 1090,1253 944,1253"/>
          <TextEquiv>
            <Unicode>Baga</Unicode>
          </TextEquiv>
        </Word>
        <Word id="Record3_Line1_Word6">
          <Property key="category" value="other"/>
          <Property key="person" value="none"/>
          <Coords points="1089,1177 1147,1177 1147,1237 1089,1237"/>
          <TextEquiv>
            <Unicode>y</Unicode>
          </TextEquiv>
        </Word>
        <Word id="Record3_Line1_Word7">
          <Property key="category" value="other"/>
          <Property key="person" value="none"/>
          <Coords points="1157,1154 1208,1154 1208,1218 1157,1218"/>
          <TextEquiv>
            <Unicode>de</Unicode>
          </TextEquiv>
        </Word>
        <Word id="Record3_Line1_Word8">
          <Property key="category" value="name"/>
          <Property key="person" value="husbands_mother"/>
          <Coords points="1228,1143 1398,1143 1398,1210 1228,1210"/>
          <TextEquiv>
            <Unicode>Maria</Unicode>
          </TextEquiv>
        </Word>
        <Word id="Record3_Line1_Word9">
          <Property key="category" value="other"/>
          <Property key="person" value="none"/>
          <Coords points="1423,1140 1628,1140 1628,1230 1423,1230"/>
          <TextEquiv>
            <Unicode>defuncts</Unicode>
          </TextEquiv>
        </Word>
        <Word id="Record3_Line1_Word10">
          <Property key="category" value="other"/>
          <Property key="person" value="none"/>
          <Coords points="1643,1138 1715,1138 1715,1203 1643,1203"/>
          <TextEquiv>
            <Unicode>ab</Unicode>
          </TextEquiv>
        </Word>
        <Word id="Record3_Line1_Word11">
          <Property key="category" value="name"/>
          <Property key="person" value="wife"/>
          <Coords points="1727,1115 1958,1115 1958,1196 1727,1196"/>
          <TextEquiv>
            <Unicode>Eularia</Unicode>
          </TextEquiv>
        </Word>
      </TextLine>
      <TextLine id="Record3_Line2">
        <Coords points="0,0 0,0"/>
        <Word id="Record3_Line2_Word0">
          <Property key="category" value="state"/>
          <Property key="person" value="wife"/>
          <Coords points="372,1249 587,1249 587,1347 372,1347"/>
          <TextEquiv>
            <Unicode>donsella</Unicode>
          </TextEquiv>
        </Word>
        <Word id="Record3_Line2_Word1">
          <Property key="category" value="other"/>
          <Property key="person" value="none"/>
          <Coords points="584,1254 724,1254 724,1341 584,1341"/>
          <TextEquiv>
            <Unicode>filla</Unicode>
          </TextEquiv>
        </Word>
        <Word id="Record3_Line2_Word2">
          <Property key="category" value="other"/>
          <Property key="person" value="none"/>
          <Coords points="744,1258 798,1258 798,1314 744,1314"/>
          <TextEquiv>
            <Unicode>de</Unicode>
          </TextEquiv>
        </Word>
        <Word id="Record3_Line2_Word3">
          <Property key="category" value="name"/>
          <Property key="person" value="wifes_father"/>
          <Coords points="816,1236 923,1236 923,1318 816,1318"/>
          <TextEquiv>
            <Unicode>Pere</Unicode>
          </TextEquiv>
        </Word>
        <Word id="Record3_Line2_Word4">
          <Property key="category" value="surname"/>
          <Property key="person" value="wifes_father"/>
          <Coords points="920,1251 1136,1251 1136,1338 920,1338"/>
          <TextEquiv>
            <Unicode>frexens</Unicode>
          </TextEquiv>
        </Word>
        <Word id="Record3_Line2_Word5">
          <Property key="category" value="occupation"/>
          <Property key="person" value="wifes_father"/>
          <Coords points="1127,1252 1309,1252 1309,1343 1127,1343"/>
          <TextEquiv>
            <Unicode>ferrer</Unicode>
          </TextEquiv>
        </Word>
        <Word id="Record3_Line2_Word6">
          <Property key="category" value="other"/>
          <Property key="person" value="none"/>
          <Coords points="1315,1254 1372,1254 1372,1307 1315,1307"/>
          <TextEquiv>
            <Unicode>de</Unicode>
          </TextEquiv>
        </Word>
        <Word id="Record3_Line2_Word7">
          <Property key="category" value="location"/>
          <Property key="person" value="wifes_father"/>
          <Coords points="1382,1224 1548,1224 1548,1332 1382,1332"/>
          <TextEquiv>
            <Unicode>Bara</Unicode>
          </TextEquiv>
        </Word>
        <Word id="Record3_Line2_Word8">
          <Property key="category" value="other"/>
          <Property key="person" value="none"/>
          <Coords points="1515,1265 1578,1265 1578,1330 1515,1330"/>
          <TextEquiv>
            <Unicode>y</Unicode>
          </TextEquiv>
        </Word>
        <Word id="Record3_Line2_Word9">
          <Property key="category" value="other"/>
          <Property key="person" value="none"/>
          <Coords points="1586,1242 1642,1242 1642,1302 1586,1302"/>
          <TextEquiv>
            <Unicode>de</Unicode>
          </TextEquiv>
        </Word>
        <Word id="Record3_Line2_Word10">
          <Property key="category" value="name"/>
          <Property key="person" value="wifes_mother"/>
          <Coords points="1658,1233 2001,1233 2001,1332 1658,1332"/>
          <TextEquiv>
            <Unicode>Montserrada</Unicode>
          </TextEquiv>
        </Word>
      </TextLine>
    </TextRegion>
    <TextRegion id="Record4">
      <Coords points="0,0 0,0"/>
      <TextLine id="Record4_Line0">
        <Coords points="0,0 0,0"/>
        <Word id="Record4_Line0_Word0">
          <Property key="category" value="other"/>
          <Property key="person" value="none"/>
          <Coords points="365,1348 440,1348 440,1415 365,1415"/>
          <TextEquiv>
            <Unicode>Dit</Unicode>
          </TextEquiv>
        </Word>
        <Word id="Record4_Line0_Word1">
          <Property key="category" value="other"/>
          <Property key="person" value="none"/>
          <Coords points="448,1348 520,1348 520,1409 448,1409"/>
          <TextEquiv>
            <Unicode>dia</Unicode>
          </TextEquiv>
        </Word>
        <Word id="Record4_Line0_Word2">
          <Property key="category" value="other"/>
          <Property key="person" value="none"/>
          <Coords points="534,1340 679,1340 679,1409 534,1409"/>
          <TextEquiv>
            <Unicode>rebere</Unicode>
          </TextEquiv>
        </Word>
        <Word id="Record4_Line0_Word3">
          <Property key="category" value="other"/>
          <Property key="person" value="none"/>
          <Coords points="690,1349 741,1349 741,1408 690,1408"/>
          <TextEquiv>
            <Unicode>de</Unicode>
          </TextEquiv>
        </Word>
        <Word id="Record4_Line0_Word4">
          <Property key="category" value="name"/>
          <Property key="person" value="husband"/>
          <Coords points="729,1348 867,1348 867,1431 729,1431"/>
          <TextEquiv>
            <Unicode>Julia</Unicode>
          </TextEquiv>
        </Word>
        <Word id="Record4_Line0_Word5">
          <Property key="category" value="surname"/>
          <Property key="person" value="husband"/>
          <Coords points="881,1344 1106,1344 1106,1433 881,1433"/>
          <TextEquiv>
            <Unicode>Armengol</Unicode>
          </TextEquiv>
        </Word>
        <Word id="Record4_Line0_Word6">
          <Property key="category" value="occupation"/>
          <Property key="person" value="husband"/>
          <Coords points="1109,1349 1281,1349 1281,1409 1109,1409"/>
          <TextEquiv>
            <Unicode>sabater</Unicode>
          </TextEquiv>
        </Word>
        <Word id="Record4_Line0_Word7">
          <Property key="category" value="other"/>
          <Property key="person" value="none"/>
          <Coords points="1294,1353 1347,1353 1347,1409 1294,1409"/>
          <TextEquiv>
            <Unicode>de</Unicode>
          </TextEquiv>
        </Word>
        <Word id="Record4_Line0_Word8">
          <Property key="category" value="location"/>
          <Property key="person" value="husband"/>
          <Coords points="1350,1326 1502,1326 1502,1431 1350,1431"/>
          <TextEquiv>
            <Unicode>Bara</Unicode>
          </TextEquiv>
        </Word>
        <Word id="Record4_Line0_Word9">
          <Property key="category" value="other"/>
          <Property key="person" value="none"/>
          <Coords points="1482,1344 1591,1344 1591,1424 1482,1424"/>
          <TextEquiv>
            <Unicode>fill</Unicode>
          </TextEquiv>
        </Word>
        <Word id="Record4_Line0_Word10">
          <Property key="category" value="other"/>
          <Property key="person" value="none"/>
          <Coords points="1591,1349 1646,1349 1646,1404 1591,1404"/>
          <TextEquiv>
            <Unicode>de</Unicode>
          </TextEquiv>
        </Word>
        <Word id="Record4_Line0_Word11">
          <Property key="category" value="name"/>
          <Property key="person" value="husbands_father"/>
          <Coords points="1645,1346 1789,1346 1789,1427 1645,1427"/>
          <TextEquiv>
            <Unicode>jaume</Unicode>
          </TextEquiv>
        </Word>
        <Word id="Record4_Line0_Word12">
          <Property key="category" value="surname"/>
          <Property key="person" value="husbands_father"/>
          <Coords points="1801,1324 2034,1324 2034,1424 1801,1424"/>
          <TextEquiv>
            <Unicode>Armengol</Unicode>
          </TextEquiv>
        </Word>
      </TextLine>
      <TextLine id="Record4_Line1">
        <Coords points="0,0 0,0"/>
        <Word id="Record4_Line1_Word0">
          <Property key="category" value="occupation"/>
          <Property key="person" value="husbands_father"/>
          <Coords points="376,1446 538,1446 538,1506 376,1506"/>
          <TextEquiv>
            <Unicode>sabater</Unicode>
          </TextEquiv>
        </Word>
        <Word id="Record4_Line1_Word1">
          <Property key="category" value="other"/>
          <Property key="person" value="none"/>
          <Coords points="550,1448 605,1448 605,1501 550,1501"/>
          <TextEquiv>
            <Unicode>de</Unicode>
          </TextEquiv>
        </Word>
        <Word id="Record4_Line1_Word2">
          <Property key="category" value="location"/>
          <Property key="person" value="husbands_father"/>
          <Coords points="610,1419 750,1419 750,1524 610,1524"/>
          <TextEquiv>
            <Unicode>Bara</Unicode>
          </TextEquiv>
        </Word>
        <Word id="Record4_Line1_Word3">
          <Property key="category" value="other"/>
          <Property key="person" value="none"/>
          <Coords points="736,1471 793,1471 793,1526 736,1526"/>
          <TextEquiv>
            <Unicode>y</Unicode>
          </TextEquiv>
        </Word>
        <Word id="Record4_Line1_Word4">
          <Property key="category" value="other"/>
          <Property key="person" value="none"/>
          <Coords points="801,1442 854,1442 854,1510 801,1510"/>
          <TextEquiv>
            <Unicode>de</Unicode>
          </TextEquiv>
        </Word>
        <Word id="Record4_Line1_Word5">
          <Property key="category" value="name"/>
          <Property key="person" value="husbands_mother"/>
          <Coords points="870,1440 1092,1440 1092,1506 870,1506"/>
          <TextEquiv>
            <Unicode>Catherina</Unicode>
          </TextEquiv>
        </Word>
        <Word id="Record4_Line1_Word6">
          <Property key="category" value="other"/>
          <Property key="person" value="none"/>
          <Coords points="1118,1437 1192,1437 1192,1504 1118,1504"/>
          <TextEquiv>
            <Unicode>ab</Unicode>
          </TextEquiv>
        </Word>
        <Word id="Record4_Line1_Word7">
          <Property key="category" value="name"/>
          <Property key="person" value="wife"/>
          <Coords points="1178,1435 1409,1435 1409,1539 1178,1539"/>
          <TextEquiv>
            <Unicode>francisca</Unicode>
          </TextEquiv>
        </Word>
        <Word id="Record4_Line1_Word8">
          <Property key="category" value="state"/>
          <Property key="person" value="wife"/>
          <Coords points="1428,1440 1600,1440 1600,1537 1428,1537"/>
          <TextEquiv>
            <Unicode>donsella</Unicode>
          </TextEquiv>
        </Word>
        <Word id="Record4_Line1_Word9">
          <Property key="category" value="other"/>
          <Property key="person" value="none"/>
          <Coords points="1601,1437 1733,1437 1733,1524 1601,1524"/>
          <TextEquiv>
            <Unicode>filla</Unicode>
          </TextEquiv>
        </Word>
        <Word id="Record4_Line1_Word10">
          <Property key="category" value="other"/>
          <Property key="person" value="none"/>
          <Coords points="1745,1435 1802,1435 1802,1499 1745,1499"/>
          <TextEquiv>
            <Unicode>de</Unicode>
          </TextEquiv>
        </Word>
        <Word id="Record4_Line1_Word11">
          <Property key="category" value="name"/>
          <Property key="person" value="wifes_father"/>
          <Coords points="1809,1417 1986,1417 1986,1499 1809,1499"/>
          <TextEquiv>
            <Unicode>Antoni</Unicode>
          </TextEquiv>
        </Word>
      </TextLine>
      <TextLine id="Record4_Line2">
        <Coords points="0,0 0,0"/>
        <Word id="Record4_Line2_Word0">
          <Property key="category" value="surname"/>
          <Property key="person" value="wifes_father"/>
          <Coords points="352,1544 516,1544 516,1637 352,1637"/>
          <TextEquiv>
            <Unicode>febrer</Unicode>
          </TextEquiv>
        </Word>
        <Word id="Record4_Line2_Word1">
          <Property key="category" value="occupation"/>
          <Property key="person" value="wifes_father"/>
          <Coords points="534,1534 739,1534 739,1641 534,1641"/>
          <TextEquiv>
            <Unicode>blanquer</Unicode>
          </TextEquiv>
        </Word>
        <Word id="Record4_Line2_Word2">
          <Property key="category" value="other"/>
          <Property key="person" value="none"/>
          <Coords points="753,1539 932,1539 932,1633 753,1633"/>
          <TextEquiv>
            <Unicode>defunct</Unicode>
          </TextEquiv>
        </Word>
        <Word id="Record4_Line2_Word3">
          <Property key="category" value="other"/>
          <Property key="person" value="none"/>
          <Coords points="929,1571 987,1571 987,1624 929,1624"/>
          <TextEquiv>
            <Unicode>y</Unicode>
          </TextEquiv>
        </Word>
        <Word id="Record4_Line2_Word4">
          <Property key="category" value="other"/>
          <Property key="person" value="none"/>
          <Coords points="998,1543 1051,1543 1051,1605 998,1605"/>
          <TextEquiv>
            <Unicode>de</Unicode>
          </TextEquiv>
        </Word>
        <Word id="Record4_Line2_Word5">
          <Property key="category" value="name"/>
          <Property key="person" value="wifes_mother"/>
          <Coords points="1072,1532 1381,1532 1381,1633 1072,1633"/>
          <TextEquiv>
            <Unicode>Montserrada</Unicode>
          </TextEquiv>
        </Word>
      </TextLine>
    </TextRegion>
    <TextRegion id="Record5">
      <Coords points="0,0 0,0"/>
      <TextLine id="Record5_Line0">
        <Coords points="0,0 0,0"/>
        <Word id="Record5_Line0_Word0">
          <Property key="category" value="other"/>
          <Property key="person" value="none"/>
          <Coords points="372,1634 448,1634 448,1700 372,1700"/>
          <TextEquiv>
            <Unicode>dit</Unicode>
          </TextEquiv>
        </Word>
        <Word id="Record5_Line0_Word1">
          <Property key="category" value="other"/>
          <Property key="person" value="none"/>
          <Coords points="456,1638 535,1638 535,1693 456,1693"/>
          <TextEquiv>
            <Unicode>dia</Unicode>
          </TextEquiv>
        </Word>
        <Word id="Record5_Line0_Word2">
          <Property key="category" value="other"/>
          <Property key="person" value="none"/>
          <Coords points="543,1631 706,1631 706,1701 543,1701"/>
          <TextEquiv>
            <Unicode>rebere</Unicode>
          </TextEquiv>
        </Word>
        <Word id="Record5_Line0_Word3">
          <Property key="category" value="other"/>
          <Property key="person" value="none"/>
          <Coords points="708,1640 757,1640 757,1705 708,1705"/>
          <TextEquiv>
            <Unicode>de</Unicode>
          </TextEquiv>
        </Word>
        <Word id="Record5_Line0_Word4">
          <Property key="category" value="name"/>
          <Property key="person" value="husband"/>
          <Coords points="751,1638 897,1638 897,1737 751,1737"/>
          <TextEquiv>
            <Unicode>Juan</Unicode>
          </TextEquiv>
        </Word>
        <Word id="Record5_Line0_Word5">
          <Property key="category" value="surname"/>
          <Property key="person" value="husband"/>
          <Coords points="907,1629 1121,1629 1121,1707 907,1707"/>
          <TextEquiv>
            <Unicode>Thomas</Unicode>
          </TextEquiv>
        </Word>
        <Word id="Record5_Line0_Word6">
          <Property key="category" value="occupation"/>
          <Property key="person" value="husband"/>
          <Coords points="1124,1638 1275,1638 1275,1748 1124,1748"/>
          <TextEquiv>
            <Unicode>peller</Unicode>
          </TextEquiv>
        </Word>
        <Word id="Record5_Line0_Word7">
          <Property key="category" value="other"/>
          <Property key="person" value="none"/>
          <Coords points="1287,1640 1355,1640 1355,1700 1287,1700"/>
          <TextEquiv>
            <Unicode>del</Unicode>
          </TextEquiv>
        </Word>
        <Word id="Record5_Line0_Word8">
          <Property key="category" value="other"/>
          <Property key="person" value="none"/>
          <Coords points="1360,1632 1479,1632 1479,1701 1360,1701"/>
          <TextEquiv>
            <Unicode>lloch</Unicode>
          </TextEquiv>
        </Word>
        <Word id="Record5_Line0_Word9">
          <Property key="category" value="other"/>
          <Property key="person" value="none"/>
          <Coords points="1486,1638 1544,1638 1544,1698 1486,1698"/>
          <TextEquiv>
            <Unicode>de</Unicode>
          </TextEquiv>
        </Word>
        <Word id="Record5_Line0_Word10">
          <Property key="category" value="location"/>
          <Property key="person" value="husband"/>
          <Coords points="1554,1622 1648,1622 1648,1698 1554,1698"/>
          <TextEquiv>
            <Unicode>Las</Unicode>
          </TextEquiv>
        </Word>
        <Word id="Record5_Line0_Word11">
          <Property key="category" value="location"/>
          <Property key="person" value="husband"/>
          <Coords points="1643,1631 1778,1631 1778,1735 1643,1735"/>
          <TextEquiv>
            <Unicode>pilas</Unicode>
          </TextEquiv>
        </Word>
        <Word id="Record5_Line0_Word12">
          <Property key="category" value="location"/>
          <Property key="person" value="husband"/>
          <Coords points="1790,1613 2013,1613 2013,1687 1790,1687"/>
          <TextEquiv>
            <Unicode>archebis=</Unicode>
          </TextEquiv>
        </Word>
      </TextLine>
      <TextLine id="Record5_Line1">
        <Coords points="0,0 0,0"/>
        <Word id="Record5_Line1_Word0">
          <Property key="category" value="location"/>
          <Property key="person" value="husband"/>
          <Coords points="380,1726 464,1726 464,1800 380,1800"/>
          <TextEquiv>
            <Unicode>bat</Unicode>
          </TextEquiv>
        </Word>
        <Word id="Record5_Line1_Word1">
          <Property key="category" value="location"/>
          <Property key="person" value="husband"/>
          <Coords points="486,1736 535,1736 535,1800 486,1800"/>
          <TextEquiv>
            <Unicode>de</Unicode>
          </TextEquiv>
        </Word>
        <Word id="Record5_Line1_Word2">
          <Property key="category" value="location"/>
          <Property key="person" value="husband"/>
          <Coords points="552,1719 828,1719 828,1841 552,1841"/>
          <TextEquiv>
            <Unicode>Tarragona</Unicode>
          </TextEquiv>
        </Word>
        <Word id="Record5_Line1_Word3">
          <Property key="category" value="other"/>
          <Property key="person" value="none"/>
          <Coords points="842,1729 1056,1729 1056,1800 842,1800"/>
          <TextEquiv>
            <Unicode>habitant</Unicode>
          </TextEquiv>
        </Word>
        <Word id="Record5_Line1_Word4">
          <Property key="category" value="other"/>
          <Property key="person" value="none"/>
          <Coords points="1066,1760 1125,1760 1125,1800 1066,1800"/>
          <TextEquiv>
            <Unicode>en</Unicode>
          </TextEquiv>
        </Word>
        <Word id="Record5_Line1_Word5">
          <Property key="category" value="location"/>
          <Property key="person" value="husband"/>
          <Coords points="1131,1708 1316,1708 1316,1818 1131,1818"/>
          <TextEquiv>
            <Unicode>Bara</Unicode>
          </TextEquiv>
        </Word>
        <Word id="Record5_Line1_Word6">
          <Property key="category" value="other"/>
          <Property key="person" value="none"/>
          <Coords points="1293,1722 1411,1722 1411,1820 1293,1820"/>
          <TextEquiv>
            <Unicode>fill</Unicode>
          </TextEquiv>
        </Word>
        <Word id="Record5_Line1_Word7">
          <Property key="category" value="other"/>
          <Property key="person" value="none"/>
          <Coords points="1415,1731 1468,1731 1468,1797 1415,1797"/>
          <TextEquiv>
            <Unicode>de</Unicode>
          </TextEquiv>
        </Word>
        <Word id="Record5_Line1_Word8">
          <Property key="category" value="name"/>
          <Property key="person" value="husbands_father"/>
          <Coords points="1482,1722 1616,1722 1616,1805 1482,1805"/>
          <TextEquiv>
            <Unicode>Pere</Unicode>
          </TextEquiv>
        </Word>
        <Word id="Record5_Line1_Word9">
          <Property key="category" value="surname"/>
          <Property key="person" value="husbands_father"/>
          <Coords points="1625,1720 1837,1720 1837,1807 1625,1807"/>
          <TextEquiv>
            <Unicode>Thomas</Unicode>
          </TextEquiv>
        </Word>
        <Word id="Record5_Line1_Word10">
          <Property key="category" value="occupation"/>
          <Property key="person" value="husbands_father"/>
          <Coords points="1851,1720 2015,1720 2015,1839 1851,1839"/>
          <TextEquiv>
            <Unicode>pages</Unicode>
          </TextEquiv>
        </Word>
      </TextLine>
      <TextLine id="Record5_Line2">
        <Coords points="0,0 0,0"/>
        <Word id="Record5_Line2_Word0">
          <Property key="category" value="other"/>
          <Property key="person" value="none"/>
          <Coords points="378,1833 438,1833 438,1899 378,1899"/>
          <TextEquiv>
            <Unicode>de</Unicode>
          </TextEquiv>
        </Word>
        <Word id="Record5_Line2_Word1">
          <Property key="category" value="location"/>
          <Property key="person" value="husbands_father"/>
          <Coords points="452,1835 527,1835 527,1902 452,1902"/>
          <TextEquiv>
            <Unicode>dit</Unicode>
          </TextEquiv>
        </Word>
        <Word id="Record5_Line2_Word2">
          <Property key="category" value="location"/>
          <Property key="person" value="husbands_father"/>
          <Coords points="545,1828 657,1828 657,1906 545,1906"/>
          <TextEquiv>
            <Unicode>lloch</Unicode>
          </TextEquiv>
        </Word>
        <Word id="Record5_Line2_Word3">
          <Property key="category" value="other"/>
          <Property key="person" value="none"/>
          <Coords points="656,1863 717,1863 717,1926 656,1926"/>
          <TextEquiv>
            <Unicode>y</Unicode>
          </TextEquiv>
        </Word>
        <Word id="Record5_Line2_Word4">
          <Property key="category" value="other"/>
          <Property key="person" value="none"/>
          <Coords points="729,1844 778,1844 778,1906 729,1906"/>
          <TextEquiv>
            <Unicode>de</Unicode>
          </TextEquiv>
        </Word>
        <Word id="Record5_Line2_Word5">
          <Property key="category" value="name"/>
          <Property key="person" value="husbands_mother"/>
          <Coords points="801,1823 976,1823 976,1929 801,1929"/>
          <TextEquiv>
            <Unicode>Antiga</Unicode>
          </TextEquiv>
        </Word>
        <Word id="Record5_Line2_Word6">
          <Property key="category" value="other"/>
          <Property key="person" value="none"/>
          <Coords points="996,1837 1216,1837 1216,1924 996,1924"/>
          <TextEquiv>
            <Unicode>defuncta</Unicode>
          </TextEquiv>
        </Word>
        <Word id="Record5_Line2_Word7">
          <Property key="category" value="other"/>
          <Property key="person" value="none"/>
          <Coords points="1233,1826 1325,1826 1325,1897 1233,1897"/>
          <TextEquiv>
            <Unicode>ab</Unicode>
          </TextEquiv>
        </Word>
        <Word id="Record5_Line2_Word8">
          <Property key="category" value="name"/>
          <Property key="person" value="wife"/>
          <Coords points="1335,1817 1518,1817 1518,1893 1335,1893"/>
          <TextEquiv>
            <Unicode>Maria</Unicode>
          </TextEquiv>
        </Word>
        <Word id="Record5_Line2_Word9">
          <Property key="category" value="state"/>
          <Property key="person" value="wife"/>
          <Coords points="1530,1819 1694,1819 1694,1891 1530,1891"/>
          <TextEquiv>
            <Unicode>viuda</Unicode>
          </TextEquiv>
        </Word>
        <Word id="Record5_Line2_Word10">
          <Property key="category" value="other"/>
          <Property key="person" value="none"/>
          <Coords points="1710,1826 1772,1826 1772,1893 1710,1893"/>
          <TextEquiv>
            <Unicode>de</Unicode>
          </TextEquiv>
        </Word>
        <Word id="Record5_Line2_Word11">
          <Property key="category" value="name"/>
          <Property key="person" value="other_person"/>
          <Coords points="1784,1815 2019,1815 2019,1924 1784,1924"/>
          <TextEquiv>
            <Unicode>Hyacinto</Unicode>
          </TextEquiv>
        </Word>
      </TextLine>
      <TextLine id="Record5_Line3">
        <Coords points="0,0 0,0"/>
        <Word id="Record5_Line3_Word0">
          <Property key="category" value="surname"/>
          <Property key="person" value="other_person"/>
          <Coords points="376,1914 576,1914 576,2008 376,2008"/>
          <TextEquiv>
            <Unicode>Bernat</Unicode>
          </TextEquiv>
        </Word>
        <Word id="Record5_Line3_Word1">
          <Property key="category" value="occupation"/>
          <Property key="person" value="wife"/>
          <Coords points="580,1942 739,1942 739,2053 580,2053"/>
          <TextEquiv>
            <Unicode>paller</Unicode>
          </TextEquiv>
        </Word>
        <Word id="Record5_Line3_Word2">
          <Property key="category" value="other"/>
          <Property key="person" value="none"/>
          <Coords points="756,1939 815,1939 815,2004 756,2004"/>
          <TextEquiv>
            <Unicode>de</Unicode>
          </TextEquiv>
        </Word>
        <Word id="Record5_Line3_Word3">
          <Property key="category" value="location"/>
          <Property key="person" value="wife"/>
          <Coords points="834,1914 1010,1914 1010,2031 834,2031"/>
          <TextEquiv>
            <Unicode>Bara</Unicode>
          </TextEquiv>
        </Word>
      </TextLine>
    </TextRegion>
    <TextRegion id="Record6">
      <Coords points="0,0 0,0"/>
      <TextLine id="Record6_Line0">
        <Coords points="0,0 0,0"/>
        <Word id="Record6_Line0_Word0">
          <Property key="category" value="other"/>
          <Property key="person" value="none"/>
          <Coords points="369,2039 542,2039 542,2105 369,2105"/>
          <TextEquiv>
            <Unicode>Dilluns</Unicode>
          </TextEquiv>
        </Word>
        <Word id="Record6_Line0_Word1">
          <Property key="category" value="other"/>
          <Property key="person" value="none"/>
          <Coords points="560,2061 590,2061 590,2099 560,2099"/>
          <TextEquiv>
            <Unicode>a</Unicode>
          </TextEquiv>
        </Word>
        <Word id="Record6_Line0_Word2">
          <Property key="category" value="other"/>
          <Property key="person" value="none"/>
          <Coords points="604,2041 676,2041 676,2105 604,2105"/>
          <TextEquiv>
            <Unicode>16</Unicode>
          </TextEquiv>
        </Word>
        <Word id="Record6_Line0_Word3">
          <Property key="category" value="other"/>
          <Property key="person" value="none"/>
          <Coords points="686,2025 843,2025 843,2099 686,2099"/>
          <TextEquiv>
            <Unicode>rebere</Unicode>
          </TextEquiv>
        </Word>
        <Word id="Record6_Line0_Word4">
          <Property key="category" value="other"/>
          <Property key="person" value="none"/>
          <Coords points="844,2041 898,2041 898,2099 844,2099"/>
          <TextEquiv>
            <Unicode>de</Unicode>
          </TextEquiv>
        </Word>
        <Word id="Record6_Line0_Word5">
          <Property key="category" value="name"/>
          <Property key="person" value="husband"/>
          <Coords points="914,2012 1017,2012 1017,2098 914,2098"/>
          <TextEquiv>
            <Unicode>Pau</Unicode>
          </TextEquiv>
        </Word>
        <Word id="Record6_Line0_Word6">
          <Property key="category" value="surname"/>
          <Property key="person" value="husband"/>
          <Coords points="1035,2025 1253,2025 1253,2132 1035,2132"/>
          <TextEquiv>
            <Unicode>Sauquer</Unicode>
          </TextEquiv>
        </Word>
        <Word id="Record6_Line0_Word7">
          <Property key="category" value="occupation"/>
          <Property key="person" value="husband"/>
          <Coords points="1265,2039 1450,2039 1450,2121 1265,2121"/>
          <TextEquiv>
            <Unicode>parayre</Unicode>
          </TextEquiv>
        </Word>
        <Word id="Record6_Line0_Word8">
          <Property key="category" value="other"/>
          <Property key="person" value="none"/>
          <Coords points="1476,2018 1535,2018 1535,2080 1476,2080"/>
          <TextEquiv>
            <Unicode>de</Unicode>
          </TextEquiv>
        </Word>
        <Word id="Record6_Line0_Word9">
          <Property key="category" value="location"/>
          <Property key="person" value="husband"/>
          <Coords points="1551,1998 1689,1998 1689,2074 1551,2074"/>
          <TextEquiv>
            <Unicode>Livia</Unicode>
          </TextEquiv>
        </Word>
        <Word id="Record6_Line0_Word10">
          <Property key="category" value="other"/>
          <Property key="person" value="none"/>
          <Coords points="1703,2000 1902,2000 1902,2071 1703,2071"/>
          <TextEquiv>
            <Unicode>habitant</Unicode>
          </TextEquiv>
        </Word>
        <Word id="Record6_Line0_Word11">
          <Property key="category" value="other"/>
          <Property key="person" value="none"/>
          <Coords points="1916,2018 1986,2018 1986,2067 1916,2067"/>
          <TextEquiv>
            <Unicode>en</Unicode>
          </TextEquiv>
        </Word>
      </TextLine>
      <TextLine id="Record6_Line1">
        <Coords points="0,0 0,0"/>
        <Word id="Record6_Line1_Word0">
          <Property key="category" value="location"/>
          <Property key="person" value="husband"/>
          <Coords points="372,2109 535,2109 535,2223 372,2223"/>
          <TextEquiv>
            <Unicode>Bara</Unicode>
          </TextEquiv>
        </Word>
        <Word id="Record6_Line1_Word1">
          <Property key="category" value="other"/>
          <Property key="person" value="none"/>
          <Coords points="521,2132 633,2132 633,2225 521,2225"/>
          <TextEquiv>
            <Unicode>fill</Unicode>
          </TextEquiv>
        </Word>
        <Word id="Record6_Line1_Word2">
          <Property key="category" value="other"/>
          <Property key="person" value="none"/>
          <Coords points="655,2143 704,2143 704,2203 655,2203"/>
          <TextEquiv>
            <Unicode>de</Unicode>
          </TextEquiv>
        </Word>
        <Word id="Record6_Line1_Word3">
          <Property key="category" value="name"/>
          <Property key="person" value="husbands_father"/>
          <Coords points="701,2131 861,2131 861,2232 701,2232"/>
          <TextEquiv>
            <Unicode>Juan</Unicode>
          </TextEquiv>
        </Word>
        <Word id="Record6_Line1_Word4">
          <Property key="category" value="surname"/>
          <Property key="person" value="husbands_father"/>
          <Coords points="879,2131 1092,2131 1092,2230 879,2230"/>
          <TextEquiv>
            <Unicode>Sauquer</Unicode>
          </TextEquiv>
        </Word>
        <Word id="Record6_Line1_Word5">
          <Property key="category" value="occupation"/>
          <Property key="person" value="husbands_father"/>
          <Coords points="1098,2147 1301,2147 1301,2232 1098,2232"/>
          <TextEquiv>
            <Unicode>parayre</Unicode>
          </TextEquiv>
        </Word>
        <Word id="Record6_Line1_Word6">
          <Property key="category" value="other"/>
          <Property key="person" value="none"/>
          <Coords points="1321,2123 1370,2123 1370,2191 1321,2191"/>
          <TextEquiv>
            <Unicode>de</Unicode>
          </TextEquiv>
        </Word>
        <Word id="Record6_Line1_Word7">
          <Property key="category" value="other"/>
          <Property key="person" value="none"/>
          <Coords points="1382,2116 1448,2116 1448,2184 1382,2184"/>
          <TextEquiv>
            <Unicode>dit</Unicode>
          </TextEquiv>
        </Word>
        <Word id="Record6_Line1_Word8">
          <Property key="category" value="other"/>
          <Property key="person" value="none"/>
          <Coords points="1463,2111 1578,2111 1578,2182 1463,2182"/>
          <TextEquiv>
            <Unicode>lloch</Unicode>
          </TextEquiv>
        </Word>
        <Word id="Record6_Line1_Word9">
          <Property key="category" value="other"/>
          <Property key="person" value="none"/>
          <Coords points="1593,2118 1646,2118 1646,2176 1593,2176"/>
          <TextEquiv>
            <Unicode>de</Unicode>
          </TextEquiv>
        </Word>
        <Word id="Record6_Line1_Word10">
          <Property key="category" value="location"/>
          <Property key="person" value="husbands_father"/>
          <Coords points="1649,2098 1796,2098 1796,2175 1649,2175"/>
          <TextEquiv>
            <Unicode>Livia</Unicode>
          </TextEquiv>
        </Word>
        <Word id="Record6_Line1_Word11">
          <Property key="category" value="location"/>
          <Property key="person" value="husbands_father"/>
          <Coords points="1812,2095 1969,2095 1969,2211 1812,2211"/>
          <TextEquiv>
            <Unicode>bisbat</Unicode>
          </TextEquiv>
        </Word>
      </TextLine>
      <TextLine id="Record6_Line2">
        <Coords points="0,0 0,0"/>
        <Word id="Record6_Line2_Word0">
          <Property key="category" value="location"/>
          <Property key="person" value="husbands_father"/>
          <Coords points="378,2244 429,2244 429,2302 378,2302"/>
          <TextEquiv>
            <Unicode>de</Unicode>
          </TextEquiv>
        </Word>
        <Word id="Record6_Line2_Word1">
          <Property key="category" value="location"/>
          <Property key="person" value="husbands_father"/>
          <Coords points="439,2233 579,2233 579,2340 439,2340"/>
          <TextEquiv>
            <Unicode>Urgell</Unicode>
          </TextEquiv>
        </Word>
        <Word id="Record6_Line2_Word2">
          <Property key="category" value="other"/>
          <Property key="person" value="none"/>
          <Coords points="577,2263 641,2263 641,2324 577,2324"/>
          <TextEquiv>
            <Unicode>y</Unicode>
          </TextEquiv>
        </Word>
        <Word id="Record6_Line2_Word3">
          <Property key="category" value="other"/>
          <Property key="person" value="none"/>
          <Coords points="653,2235 709,2235 709,2302 653,2302"/>
          <TextEquiv>
            <Unicode>de</Unicode>
          </TextEquiv>
        </Word>
        <Word id="Record6_Line2_Word4">
          <Property key="category" value="name"/>
          <Property key="person" value="husbands_mother"/>
          <Coords points="727,2217 880,2217 880,2299 727,2299"/>
          <TextEquiv>
            <Unicode>Anna</Unicode>
          </TextEquiv>
        </Word>
        <Word id="Record6_Line2_Word5">
          <Property key="category" value="other"/>
          <Property key="person" value="none"/>
          <Coords points="903,2235 1119,2235 1119,2327 903,2327"/>
          <TextEquiv>
            <Unicode>defuncts</Unicode>
          </TextEquiv>
        </Word>
        <Word id="Record6_Line2_Word6">
          <Property key="category" value="other"/>
          <Property key="person" value="none"/>
          <Coords points="1150,2219 1233,2219 1233,2291 1150,2291"/>
          <TextEquiv>
            <Unicode>ab</Unicode>
          </TextEquiv>
        </Word>
        <Word id="Record6_Line2_Word7">
          <Property key="category" value="name"/>
          <Property key="person" value="wife"/>
          <Coords points="1244,2210 1524,2210 1524,2309 1244,2309"/>
          <TextEquiv>
            <Unicode>Maryanna</Unicode>
          </TextEquiv>
        </Word>
        <Word id="Record6_Line2_Word8">
          <Property key="category" value="state"/>
          <Property key="person" value="wife"/>
          <Coords points="1541,2206 1741,2206 1741,2309 1541,2309"/>
          <TextEquiv>
            <Unicode>donsella</Unicode>
          </TextEquiv>
        </Word>
        <Word id="Record6_Line2_Word9">
          <Property key="category" value="other"/>
          <Property key="person" value="none"/>
          <Coords points="1738,2210 1887,2210 1887,2314 1738,2314"/>
          <TextEquiv>
            <Unicode>filla</Unicode>
          </TextEquiv>
        </Word>
        <Word id="Record6_Line2_Word10">
          <Property key="category" value="other"/>
          <Property key="person" value="none"/>
          <Coords points="1907,2210 1969,2210 1969,2273 1907,2273"/>
          <TextEquiv>
            <Unicode>de</Unicode>
          </TextEquiv>
        </Word>
      </TextLine>
      <TextLine id="Record6_Line3">
        <Coords points="0,0 0,0"/>
        <Word id="Record6_Line3_Word0">
          <Property key="category" value="name"/>
          <Property key="person" value="wifes_father"/>
          <Coords points="384,2326 589,2326 589,2401 384,2401"/>
          <TextEquiv>
            <Unicode>Saldoni</Unicode>
          </TextEquiv>
        </Word>
        <Word id="Record6_Line3_Word1">
          <Property key="category" value="surname"/>
          <Property key="person" value="wifes_father"/>
          <Coords points="606,2326 761,2326 761,2397 606,2397"/>
          <TextEquiv>
            <Unicode>Calvet</Unicode>
          </TextEquiv>
        </Word>
        <Word id="Record6_Line3_Word2">
          <Property key="category" value="occupation"/>
          <Property key="person" value="wifes_father"/>
          <Coords points="777,2333 1008,2333 1008,2431 777,2431"/>
          <TextEquiv>
            <Unicode>negociant</Unicode>
          </TextEquiv>
        </Word>
        <Word id="Record6_Line3_Word3">
          <Property key="category" value="other"/>
          <Property key="person" value="none"/>
          <Coords points="1025,2333 1082,2333 1082,2393 1025,2393"/>
          <TextEquiv>
            <Unicode>de</Unicode>
          </TextEquiv>
        </Word>
        <Word id="Record6_Line3_Word4">
          <Property key="category" value="location"/>
          <Property key="person" value="wifes_father"/>
          <Coords points="1098,2317 1290,2317 1290,2386 1098,2386"/>
          <TextEquiv>
            <Unicode>Cardona</Unicode>
          </TextEquiv>
        </Word>
        <Word id="Record6_Line3_Word5">
          <Property key="category" value="location"/>
          <Property key="person" value="wifes_father"/>
          <Coords points="1313,2328 1364,2328 1364,2386 1313,2386"/>
          <TextEquiv>
            <Unicode>de</Unicode>
          </TextEquiv>
        </Word>
        <Word id="Record6_Line3_Word6">
          <Property key="category" value="location"/>
          <Property key="person" value="wifes_father"/>
          <Coords points="1374,2315 1444,2315 1444,2383 1374,2383"/>
          <TextEquiv>
            <Unicode>dit</Unicode>
          </TextEquiv>
        </Word>
        <Word id="Record6_Line3_Word7">
          <Property key="category" value="location"/>
          <Property key="person" value="wifes_father"/>
          <Coords points="1452,2305 1594,2305 1594,2418 1452,2418"/>
          <TextEquiv>
            <Unicode>bisbat</Unicode>
          </TextEquiv>
        </Word>
        <Word id="Record6_Line3_Word8">
          <Property key="category" value="location"/>
          <Property key="person" value="wifes_father"/>
          <Coords points="1612,2324 1663,2324 1663,2379 1612,2379"/>
          <TextEquiv>
            <Unicode>de</Unicode>
          </TextEquiv>
        </Word>
        <Word id="Record6_Line3_Word9">
          <Property key="category" value="location"/>
          <Property key="person" value="wifes_father"/>
          <Coords points="1668,2308 1808,2308 1808,2417 1668,2417"/>
          <TextEquiv>
            <Unicode>Urgell</Unicode>
          </TextEquiv>
        </Word>
        <Word id="Record6_Line3_Word10">
          <Property key="category" value="other"/>
          <Property key="person" value="none"/>
          <Coords points="1810,2303 2008,2303 2008,2399 1810,2399"/>
          <TextEquiv>
            <Unicode>defunct</Unicode>
          </TextEquiv>
        </Word>
      </TextLine>
      <TextLine id="Record6_Line4">
        <Coords points="0,0 0,0"/>
        <Word id="Record6_Line4_Word0">
          <Property key="category" value="other"/>
          <Property key="person" value="none"/>
          <Coords points="359,2459 420,2459 420,2519 359,2519"/>
          <TextEquiv>
            <Unicode>y</Unicode>
          </TextEquiv>
        </Word>
        <Word id="Record6_Line4_Word1">
          <Property key="category" value="other"/>
          <Property key="person" value="none"/>
          <Coords points="423,2437 474,2437 474,2497 423,2497"/>
          <TextEquiv>
            <Unicode>de</Unicode>
          </TextEquiv>
        </Word>
        <Word id="Record6_Line4_Word2">
          <Property key="category" value="name"/>
          <Property key="person" value="wifes_mother"/>
          <Coords points="495,2412 720,2412 720,2535 495,2535"/>
          <TextEquiv>
            <Unicode>Aldonsa</Unicode>
          </TextEquiv>
        </Word>
      </TextLine>
    </TextRegion>
    <TextRegion id="Record7">
      <Coords points="0,0 0,0"/>
      <TextLine id="Record7_Line0">
        <Coords points="0,0 0,0"/>
        <Word id="Record7_Line0_Word0">
          <Property key="category" value="other"/>
          <Property key="person" value="none"/>
          <Coords points="376,2523 457,2523 457,2592 376,2592"/>
          <TextEquiv>
            <Unicode>Dit</Unicode>
          </TextEquiv>
        </Word>
        <Word id="Record7_Line0_Word1">
          <Property key="category" value="other"/>
          <Property key="person" value="none"/>
          <Coords points="471,2525 540,2525 540,2592 471,2592"/>
          <TextEquiv>
            <Unicode>dia</Unicode>
          </TextEquiv>
        </Word>
        <Word id="Record7_Line0_Word2">
          <Property key="category" value="other"/>
          <Property key="person" value="none"/>
          <Coords points="556,2518 704,2518 704,2591 556,2591"/>
          <TextEquiv>
            <Unicode>rebere</Unicode>
          </TextEquiv>
        </Word>
        <Word id="Record7_Line0_Word3">
          <Property key="category" value="other"/>
          <Property key="person" value="none"/>
          <Coords points="725,2523 782,2523 782,2585 725,2585"/>
          <TextEquiv>
            <Unicode>de</Unicode>
          </TextEquiv>
        </Word>
        <Word id="Record7_Line0_Word4">
          <Property key="category" value="name"/>
          <Property key="person" value="husband"/>
          <Coords points="788,2498 1014,2498 1014,2594 788,2594"/>
          <TextEquiv>
            <Unicode>Hyacinto</Unicode>
          </TextEquiv>
        </Word>
        <Word id="Record7_Line0_Word5">
          <Property key="category" value="surname"/>
          <Property key="person" value="husband"/>
          <Coords points="1033,2489 1175,2489 1175,2614 1033,2614"/>
          <TextEquiv>
            <Unicode>Guell</Unicode>
          </TextEquiv>
        </Word>
        <Word id="Record7_Line0_Word6">
          <Property key="category" value="occupation"/>
          <Property key="person" value="husband"/>
          <Coords points="1170,2505 1309,2505 1309,2598 1170,2598"/>
          <TextEquiv>
            <Unicode>pages</Unicode>
          </TextEquiv>
        </Word>
        <Word id="Record7_Line0_Word7">
          <Property key="category" value="other"/>
          <Property key="person" value="none"/>
          <Coords points="1324,2493 1373,2493 1373,2557 1324,2557"/>
          <TextEquiv>
            <Unicode>de</Unicode>
          </TextEquiv>
        </Word>
        <Word id="Record7_Line0_Word8">
          <Property key="category" value="location"/>
          <Property key="person" value="husband"/>
          <Coords points="1391,2484 1624,2484 1624,2555 1391,2555"/>
          <TextEquiv>
            <Unicode>Monmell</Unicode>
          </TextEquiv>
        </Word>
        <Word id="Record7_Line0_Word9">
          <Property key="category" value="other"/>
          <Property key="person" value="none"/>
          <Coords points="1623,2480 1733,2480 1733,2576 1623,2576"/>
          <TextEquiv>
            <Unicode>fill</Unicode>
          </TextEquiv>
        </Word>
        <Word id="Record7_Line0_Word10">
          <Property key="category" value="other"/>
          <Property key="person" value="none"/>
          <Coords points="1745,2491 1798,2491 1798,2553 1745,2553"/>
          <TextEquiv>
            <Unicode>de</Unicode>
          </TextEquiv>
        </Word>
        <Word id="Record7_Line0_Word11">
          <Property key="category" value="name"/>
          <Property key="person" value="husbands_father"/>
          <Coords points="1814,2462 1952,2462 1952,2553 1814,2553"/>
          <TextEquiv>
            <Unicode>Pere</Unicode>
          </TextEquiv>
        </Word>
      </TextLine>
      <TextLine id="Record7_Line1">
        <Coords points="0,0 0,0"/>
        <Word id="Record7_Line1_Word0">
          <Property key="category" value="surname"/>
          <Property key="person" value="husbands_father"/>
          <Coords points="387,2627 507,2627 507,2712 387,2712"/>
          <TextEquiv>
            <Unicode>Guell</Unicode>
          </TextEquiv>
        </Word>
        <Word id="Record7_Line1_Word1">
          <Property key="category" value="occupation"/>
          <Property key="person" value="husbands_father"/>
          <Coords points="514,2631 656,2631 656,2722 514,2722"/>
          <TextEquiv>
            <Unicode>pages</Unicode>
          </TextEquiv>
        </Word>
        <Word id="Record7_Line1_Word2">
          <Property key="category" value="other"/>
          <Property key="person" value="none"/>
          <Coords points="653,2643 713,2643 713,2703 653,2703"/>
          <TextEquiv>
            <Unicode>y</Unicode>
          </TextEquiv>
        </Word>
        <Word id="Record7_Line1_Word3">
          <Property key="category" value="other"/>
          <Property key="person" value="none"/>
          <Coords points="730,2617 784,2617 784,2678 730,2678"/>
          <TextEquiv>
            <Unicode>de</Unicode>
          </TextEquiv>
        </Word>
        <Word id="Record7_Line1_Word4">
          <Property key="category" value="name"/>
          <Property key="person" value="husbands_mother"/>
          <Coords points="810,2593 1039,2593 1039,2703 810,2703"/>
          <TextEquiv>
            <Unicode>Elisabeth</Unicode>
          </TextEquiv>
        </Word>
        <Word id="Record7_Line1_Word5">
          <Property key="category" value="other"/>
          <Property key="person" value="none"/>
          <Coords points="1064,2602 1273,2602 1273,2687 1064,2687"/>
          <TextEquiv>
            <Unicode>defuncta</Unicode>
          </TextEquiv>
        </Word>
        <Word id="Record7_Line1_Word6">
          <Property key="category" value="other"/>
          <Property key="person" value="none"/>
          <Coords points="1302,2590 1383,2590 1383,2657 1302,2657"/>
          <TextEquiv>
            <Unicode>ab</Unicode>
          </TextEquiv>
        </Word>
        <Word id="Record7_Line1_Word7">
          <Property key="category" value="name"/>
          <Property key="person" value="wife"/>
          <Coords points="1372,2582 1544,2582 1544,2682 1372,2682"/>
          <TextEquiv>
            <Unicode>Juana</Unicode>
          </TextEquiv>
        </Word>
        <Word id="Record7_Line1_Word8">
          <Property key="category" value="state"/>
          <Property key="person" value="wife"/>
          <Coords points="1567,2579 1756,2579 1756,2676 1567,2676"/>
          <TextEquiv>
            <Unicode>donsella</Unicode>
          </TextEquiv>
        </Word>
        <Word id="Record7_Line1_Word9">
          <Property key="category" value="other"/>
          <Property key="person" value="none"/>
          <Coords points="1760,2584 1893,2584 1893,2678 1760,2678"/>
          <TextEquiv>
            <Unicode>filla</Unicode>
          </TextEquiv>
        </Word>
        <Word id="Record7_Line1_Word10">
          <Property key="category" value="other"/>
          <Property key="person" value="none"/>
          <Coords points="1914,2586 1975,2586 1975,2648 1914,2648"/>
          <TextEquiv>
            <Unicode>de</Unicode>
          </TextEquiv>
        </Word>
      </TextLine>
      <TextLine id="Record7_Line2">
        <Coords points="0,0 0,0"/>
        <Word id="Record7_Line2_Word0">
          <Property key="category" value="name"/>
          <Property key="person" value="wifes_father"/>
          <Coords points="391,2717 526,2717 526,2813 391,2813"/>
          <TextEquiv>
            <Unicode>Angel</Unicode>
          </TextEquiv>
        </Word>
        <Word id="Record7_Line2_Word1">
          <Property key="category" value="surname"/>
          <Property key="person" value="wifes_father"/>
          <Coords points="564,2704 713,2704 713,2816 564,2816"/>
          <TextEquiv>
            <Unicode>Uguet</Unicode>
          </TextEquiv>
        </Word>
        <Word id="Record7_Line2_Word2">
          <Property key="category" value="occupation"/>
          <Property key="person" value="wifes_father"/>
          <Coords points="719,2722 865,2722 865,2820 719,2820"/>
          <TextEquiv>
            <Unicode>pages</Unicode>
          </TextEquiv>
        </Word>
        <Word id="Record7_Line2_Word3">
          <Property key="category" value="other"/>
          <Property key="person" value="none"/>
          <Coords points="901,2702 956,2702 956,2777 901,2777"/>
          <TextEquiv>
            <Unicode>de</Unicode>
          </TextEquiv>
        </Word>
        <Word id="Record7_Line2_Word4">
          <Property key="category" value="location"/>
          <Property key="person" value="wifes_father"/>
          <Coords points="975,2699 1247,2699 1247,2768 975,2768"/>
          <TextEquiv>
            <Unicode>Marmellar</Unicode>
          </TextEquiv>
        </Word>
        <Word id="Record7_Line2_Word5">
          <Property key="category" value="other"/>
          <Property key="person" value="none"/>
          <Coords points="1239,2728 1301,2728 1301,2788 1239,2788"/>
          <TextEquiv>
            <Unicode>y</Unicode>
          </TextEquiv>
        </Word>
        <Word id="Record7_Line2_Word6">
          <Property key="category" value="other"/>
          <Property key="person" value="none"/>
          <Coords points="1317,2692 1377,2692 1377,2763 1317,2763"/>
          <TextEquiv>
            <Unicode>de</Unicode>
          </TextEquiv>
        </Word>
        <Word id="Record7_Line2_Word7">
          <Property key="category" value="name"/>
          <Property key="person" value="wifes_mother"/>
          <Coords points="1428,2695 1477,2695 1477,2752 1428,2752"/>
          <TextEquiv>
            <Unicode>t</Unicode>
          </TextEquiv>
        </Word>
      </TextLine>
    </TextRegion>
    <TextRegion id="Record8">
      <Coords points="0,0 0,0"/>
      <TextLine id="Record8_Line0">
        <Coords points="0,0 0,0"/>
        <Word id="Record8_Line0_Word0">
          <Property key="category" value="other"/>
          <Property key="person" value="none"/>
          <Coords points="380,2810 446,2810 446,2877 380,2877"/>
          <TextEquiv>
            <Unicode>dit</Unicode>
          </TextEquiv>
        </Word>
        <Word id="Record8_Line0_Word1">
          <Property key="category" value="other"/>
          <Property key="person" value="none"/>
          <Coords points="454,2817 522,2817 522,2876 454,2876"/>
          <TextEquiv>
            <Unicode>dia</Unicode>
          </TextEquiv>
        </Word>
        <Word id="Record8_Line0_Word2">
          <Property key="category" value="other"/>
          <Property key="person" value="none"/>
          <Coords points="538,2808 689,2808 689,2879 538,2879"/>
          <TextEquiv>
            <Unicode>rebere</Unicode>
          </TextEquiv>
        </Word>
        <Word id="Record8_Line0_Word3">
          <Property key="category" value="other"/>
          <Property key="person" value="none"/>
          <Coords points="710,2823 763,2823 763,2879 710,2879"/>
          <TextEquiv>
            <Unicode>de</Unicode>
          </TextEquiv>
        </Word>
        <Word id="Record8_Line0_Word4">
          <Property key="category" value="name"/>
          <Property key="person" value="husband"/>
          <Coords points="788,2799 991,2799 991,2872 788,2872"/>
          <TextEquiv>
            <Unicode>Thomas</Unicode>
          </TextEquiv>
        </Word>
        <Word id="Record8_Line0_Word5">
          <Property key="category" value="surname"/>
          <Property key="person" value="husband"/>
          <Coords points="1011,2783 1160,2783 1160,2897 1011,2897"/>
          <TextEquiv>
            <Unicode>Pyrro</Unicode>
          </TextEquiv>
        </Word>
        <Word id="Record8_Line0_Word6">
          <Property key="category" value="occupation"/>
          <Property key="person" value="husband"/>
          <Coords points="1165,2812 1301,2812 1301,2908 1165,2908"/>
          <TextEquiv>
            <Unicode>pintor</Unicode>
          </TextEquiv>
        </Word>
        <Word id="Record8_Line0_Word7">
          <Property key="category" value="other"/>
          <Property key="person" value="none"/>
          <Coords points="1315,2788 1514,2788 1514,2865 1315,2865"/>
          <TextEquiv>
            <Unicode>habitant</Unicode>
          </TextEquiv>
        </Word>
        <Word id="Record8_Line0_Word8">
          <Property key="category" value="other"/>
          <Property key="person" value="none"/>
          <Coords points="1530,2821 1589,2821 1589,2863 1530,2863"/>
          <TextEquiv>
            <Unicode>en</Unicode>
          </TextEquiv>
        </Word>
        <Word id="Record8_Line0_Word9">
          <Property key="category" value="location"/>
          <Property key="person" value="husband"/>
          <Coords points="1608,2763 1765,2763 1765,2886 1608,2886"/>
          <TextEquiv>
            <Unicode>Bara</Unicode>
          </TextEquiv>
        </Word>
        <Word id="Record8_Line0_Word10">
          <Property key="category" value="other"/>
          <Property key="person" value="none"/>
          <Coords points="1755,2794 1889,2794 1889,2885 1755,2885"/>
          <TextEquiv>
            <Unicode>fill</Unicode>
          </TextEquiv>
        </Word>
        <Word id="Record8_Line0_Word11">
          <Property key="category" value="other"/>
          <Property key="person" value="none"/>
          <Coords points="1899,2796 1956,2796 1956,2861 1899,2861"/>
          <TextEquiv>
            <Unicode>de</Unicode>
          </TextEquiv>
        </Word>
      </TextLine>
      <TextLine id="Record8_Line1">
        <Coords points="0,0 0,0"/>
        <Word id="Record8_Line1_Word0">
          <Property key="category" value="name"/>
          <Property key="person" value="husbands_father"/>
          <Coords points="380,2914 451,2914 451,2984 380,2984"/>
          <TextEquiv>
            <Unicode>t</Unicode>
          </TextEquiv>
        </Word>
        <Word id="Record8_Line1_Word1">
          <Property key="category" value="other"/>
          <Property key="person" value="none"/>
          <Coords points="467,2939 526,2939 526,2995 467,2995"/>
          <TextEquiv>
            <Unicode>y</Unicode>
          </TextEquiv>
        </Word>
        <Word id="Record8_Line1_Word2">
          <Property key="category" value="name"/>
          <Property key="person" value="husbands_mother"/>
          <Coords points="541,2909 594,2909 594,2984 541,2984"/>
          <TextEquiv>
            <Unicode>t</Unicode>
          </TextEquiv>
        </Word>
        <Word id="Record8_Line1_Word3">
          <Property key="category" value="other"/>
          <Property key="person" value="none"/>
          <Coords points="645,2905 720,2905 720,2969 645,2969"/>
          <TextEquiv>
            <Unicode>ab</Unicode>
          </TextEquiv>
        </Word>
        <Word id="Record8_Line1_Word4">
          <Property key="category" value="name"/>
          <Property key="person" value="wife"/>
          <Coords points="734,2892 873,2892 873,2972 734,2972"/>
          <TextEquiv>
            <Unicode>Elena</Unicode>
          </TextEquiv>
        </Word>
        <Word id="Record8_Line1_Word5">
          <Property key="category" value="state"/>
          <Property key="person" value="wife"/>
          <Coords points="896,2907 1095,2907 1095,3006 896,3006"/>
          <TextEquiv>
            <Unicode>donsella</Unicode>
          </TextEquiv>
        </Word>
        <Word id="Record8_Line1_Word6">
          <Property key="category" value="other"/>
          <Property key="person" value="none"/>
          <Coords points="1100,2907 1233,2907 1233,2995 1100,2995"/>
          <TextEquiv>
            <Unicode>filla</Unicode>
          </TextEquiv>
        </Word>
        <Word id="Record8_Line1_Word7">
          <Property key="category" value="other"/>
          <Property key="person" value="none"/>
          <Coords points="1255,2910 1305,2910 1305,2969 1255,2969"/>
          <TextEquiv>
            <Unicode>de</Unicode>
          </TextEquiv>
        </Word>
        <Word id="Record8_Line1_Word8">
          <Property key="category" value="name"/>
          <Property key="person" value="wifes_father"/>
          <Coords points="1352,2903 1407,2903 1407,2966 1352,2966"/>
          <TextEquiv>
            <Unicode>t</Unicode>
          </TextEquiv>
        </Word>
        <Word id="Record8_Line1_Word9">
          <Property key="category" value="surname"/>
          <Property key="person" value="wifes_father"/>
          <Coords points="1458,2889 1735,2889 1735,2997 1458,2997"/>
          <TextEquiv>
            <Unicode>Llentisclar</Unicode>
          </TextEquiv>
        </Word>
        <Word id="Record8_Line1_Word10">
          <Property key="category" value="other"/>
          <Property key="person" value="none"/>
          <Coords points="1727,2927 1787,2927 1787,2987 1727,2987"/>
          <TextEquiv>
            <Unicode>y</Unicode>
          </TextEquiv>
        </Word>
        <Word id="Record8_Line1_Word11">
          <Property key="category" value="other"/>
          <Property key="person" value="none"/>
          <Coords points="1812,2898 1871,2898 1871,2965 1812,2965"/>
          <TextEquiv>
            <Unicode>de</Unicode>
          </TextEquiv>
        </Word>
        <Word id="Record8_Line1_Word12">
          <Property key="category" value="name"/>
          <Property key="person" value="wifes_mother"/>
          <Coords points="1902,2901 1972,2901 1972,2967 1902,2967"/>
          <TextEquiv>
            <Unicode>t</Unicode>
          </TextEquiv>
        </Word>
      </TextLine>
    </TextRegion>
    <TextRegion id="Record9">
      <Coords points="0,0 0,0"/>
      <TextLine id="Record9_Line0">
        <Coords points="0,0 0,0"/>
        <Word id="Record9_Line0_Word0">
          <Property key="category" value="other"/>
          <Property key="person" value="none"/>
          <Coords points="376,2994 446,2994 446,3058 376,3058"/>
          <TextEquiv>
            <Unicode>Dit</Unicode>
          </TextEquiv>
        </Word>
        <Word id="Record9_Line0_Word1">
          <Property key="category" value="other"/>
          <Property key="person" value="none"/>
          <Coords points="465,3004 538,3004 538,3060 465,3060"/>
          <TextEquiv>
            <Unicode>dia</Unicode>
          </TextEquiv>
        </Word>
        <Word id="Record9_Line0_Word2">
          <Property key="category" value="other"/>
          <Property key="person" value="none"/>
          <Coords points="558,2991 702,2991 702,3062 558,3062"/>
          <TextEquiv>
            <Unicode>rebere</Unicode>
          </TextEquiv>
        </Word>
        <Word id="Record9_Line0_Word3">
          <Property key="category" value="other"/>
          <Property key="person" value="none"/>
          <Coords points="717,3007 774,3007 774,3062 717,3062"/>
          <TextEquiv>
            <Unicode>de</Unicode>
          </TextEquiv>
        </Word>
        <Word id="Record9_Line0_Word4">
          <Property key="category" value="other"/>
          <Property key="person" value="none"/>
          <Coords points="790,2988 887,2988 887,3067 790,3067"/>
          <TextEquiv>
            <Unicode>mso</Unicode>
          </TextEquiv>
        </Word>
        <Word id="Record9_Line0_Word5">
          <Property key="category" value="name"/>
          <Property key="person" value="husband"/>
          <Coords points="903,3002 1051,3002 1051,3087 903,3087"/>
          <TextEquiv>
            <Unicode>Onofre</Unicode>
          </TextEquiv>
        </Word>
        <Word id="Record9_Line0_Word6">
          <Property key="category" value="surname"/>
          <Property key="person" value="husband"/>
          <Coords points="1076,2989 1240,2989 1240,3058 1076,3058"/>
          <TextEquiv>
            <Unicode>Tibau</Unicode>
          </TextEquiv>
        </Word>
        <Word id="Record9_Line0_Word7">
          <Property key="category" value="occupation"/>
          <Property key="person" value="husband"/>
          <Coords points="1200,2966 1370,2966 1370,3028 1200,3028"/>
          <TextEquiv>
            <Unicode>negociant</Unicode>
          </TextEquiv>
        </Word>
        <Word id="Record9_Line0_Word8">
          <Property key="category" value="other"/>
          <Property key="person" value="none"/>
          <Coords points="1255,3007 1316,3007 1316,3064 1255,3064"/>
          <TextEquiv>
            <Unicode>de</Unicode>
          </TextEquiv>
        </Word>
        <Word id="Record9_Line0_Word9">
          <Property key="category" value="location"/>
          <Property key="person" value="husband"/>
          <Coords points="1332,2975 1542,2975 1542,3062 1332,3062"/>
          <TextEquiv>
            <Unicode>Barbera</Unicode>
          </TextEquiv>
        </Word>
        <Word id="Record9_Line0_Word10">
          <Property key="category" value="location"/>
          <Property key="person" value="husband"/>
          <Coords points="1551,2989 1839,2989 1839,3101 1551,3101"/>
          <TextEquiv>
            <Unicode>Archebisbat</Unicode>
          </TextEquiv>
        </Word>
        <Word id="Record9_Line0_Word11">
          <Property key="category" value="location"/>
          <Property key="person" value="husband"/>
          <Coords points="1853,3002 1984,3002 1984,3069 1853,3069"/>
          <TextEquiv>
            <Unicode>de</Unicode>
          </TextEquiv>
        </Word>
      </TextLine>
      <TextLine id="Record9_Line1">
        <Coords points="0,0 0,0"/>
        <Word id="Record9_Line1_Word0">
          <Property key="category" value="location"/>
          <Property key="person" value="husband"/>
          <Coords points="348,3095 652,3095 652,3197 348,3197"/>
          <TextEquiv>
            <Unicode>Tarragona</Unicode>
          </TextEquiv>
        </Word>
        <Word id="Record9_Line1_Word1">
          <Property key="category" value="other"/>
          <Property key="person" value="none"/>
          <Coords points="684,3084 904,3084 904,3164 684,3164"/>
          <TextEquiv>
            <Unicode>habitant</Unicode>
          </TextEquiv>
        </Word>
        <Word id="Record9_Line1_Word2">
          <Property key="category" value="other"/>
          <Property key="person" value="none"/>
          <Coords points="920,3118 986,3118 986,3162 920,3162"/>
          <TextEquiv>
            <Unicode>en</Unicode>
          </TextEquiv>
        </Word>
        <Word id="Record9_Line1_Word3">
          <Property key="category" value="location"/>
          <Property key="person" value="husband"/>
          <Coords points="1020,3083 1327,3083 1327,3168 1020,3168"/>
          <TextEquiv>
            <Unicode>Monblanch</Unicode>
          </TextEquiv>
        </Word>
        <Word id="Record9_Line1_Word4">
          <Property key="category" value="location"/>
          <Property key="person" value="husband"/>
          <Coords points="1333,3100 1386,3100 1386,3161 1333,3161"/>
          <TextEquiv>
            <Unicode>de</Unicode>
          </TextEquiv>
        </Word>
        <Word id="Record9_Line1_Word5">
          <Property key="category" value="location"/>
          <Property key="person" value="husband"/>
          <Coords points="1402,3095 1472,3095 1472,3161 1402,3161"/>
          <TextEquiv>
            <Unicode>dit</Unicode>
          </TextEquiv>
        </Word>
        <Word id="Record9_Line1_Word6">
          <Property key="category" value="location"/>
          <Property key="person" value="husband"/>
          <Coords points="1493,3095 1774,3095 1774,3200 1493,3200"/>
          <TextEquiv>
            <Unicode>archebisbat</Unicode>
          </TextEquiv>
        </Word>
        <Word id="Record9_Line1_Word7">
          <Property key="category" value="other"/>
          <Property key="person" value="none"/>
          <Coords points="1770,3090 1895,3090 1895,3184 1770,3184"/>
          <TextEquiv>
            <Unicode>fill</Unicode>
          </TextEquiv>
        </Word>
        <Word id="Record9_Line1_Word8">
          <Property key="category" value="other"/>
          <Property key="person" value="none"/>
          <Coords points="1912,3100 1975,3100 1975,3159 1912,3159"/>
          <TextEquiv>
            <Unicode>de</Unicode>
          </TextEquiv>
        </Word>
      </TextLine>
      <TextLine id="Record9_Line2">
        <Coords points="0,0 0,0"/>
        <Word id="Record9_Line2_Word0">
          <Property key="category" value="name"/>
          <Property key="person" value="husbands_father"/>
          <Coords points="347,3185 626,3185 626,3297 347,3297"/>
          <TextEquiv>
            <Unicode>francesch</Unicode>
          </TextEquiv>
        </Word>
        <Word id="Record9_Line2_Word1">
          <Property key="category" value="surname"/>
          <Property key="person" value="husbands_father"/>
          <Coords points="656,3177 826,3177 826,3259 656,3259"/>
          <TextEquiv>
            <Unicode>Tibau</Unicode>
          </TextEquiv>
        </Word>
        <Word id="Record9_Line2_Word2">
          <Property key="category" value="occupation"/>
          <Property key="person" value="husbands_father"/>
          <Coords points="836,3208 973,3208 973,3299 836,3299"/>
          <TextEquiv>
            <Unicode>pages</Unicode>
          </TextEquiv>
        </Word>
        <Word id="Record9_Line2_Word3">
          <Property key="category" value="other"/>
          <Property key="person" value="none"/>
          <Coords points="996,3185 1192,3185 1192,3275 996,3275"/>
          <TextEquiv>
            <Unicode>defunct</Unicode>
          </TextEquiv>
        </Word>
        <Word id="Record9_Line2_Word4">
          <Property key="category" value="other"/>
          <Property key="person" value="none"/>
          <Coords points="1180,3215 1242,3215 1242,3277 1180,3277"/>
          <TextEquiv>
            <Unicode>y</Unicode>
          </TextEquiv>
        </Word>
        <Word id="Record9_Line2_Word5">
          <Property key="category" value="other"/>
          <Property key="person" value="none"/>
          <Coords points="1248,3192 1307,3192 1307,3252 1248,3252"/>
          <TextEquiv>
            <Unicode>de</Unicode>
          </TextEquiv>
        </Word>
        <Word id="Record9_Line2_Word6">
          <Property key="category" value="name"/>
          <Property key="person" value="husbands_mother"/>
          <Coords points="1332,3170 1561,3170 1561,3288 1332,3288"/>
          <TextEquiv>
            <Unicode>Elisabeth</Unicode>
          </TextEquiv>
        </Word>
        <Word id="Record9_Line2_Word7">
          <Property key="category" value="other"/>
          <Property key="person" value="none"/>
          <Coords points="1582,3194 1659,3194 1659,3257 1582,3257"/>
          <TextEquiv>
            <Unicode>ab</Unicode>
          </TextEquiv>
        </Word>
        <Word id="Record9_Line2_Word8">
          <Property key="category" value="name"/>
          <Property key="person" value="wife"/>
          <Coords points="1664,3183 1871,3183 1871,3261 1664,3261"/>
          <TextEquiv>
            <Unicode>dorothea</Unicode>
          </TextEquiv>
        </Word>
        <Word id="Record9_Line2_Word9">
          <Property key="category" value="state"/>
          <Property key="person" value="wife"/>
          <Coords points="1896,3188 2001,3188 2001,3255 1896,3255"/>
          <TextEquiv>
            <Unicode>don=</Unicode>
          </TextEquiv>
        </Word>
      </TextLine>
      <TextLine id="Record9_Line3">
        <Coords points="0,0 0,0"/>
        <Word id="Record9_Line3_Word0">
          <Property key="category" value="state"/>
          <Property key="person" value="wife"/>
          <Coords points="361,3294 492,3294 492,3381 361,3381"/>
          <TextEquiv>
            <Unicode>sella</Unicode>
          </TextEquiv>
        </Word>
        <Word id="Record9_Line3_Word1">
          <Property key="category" value="other"/>
          <Property key="person" value="none"/>
          <Coords points="495,3287 641,3287 641,3383 495,3383"/>
          <TextEquiv>
            <Unicode>filla</Unicode>
          </TextEquiv>
        </Word>
        <Word id="Record9_Line3_Word2">
          <Property key="category" value="other"/>
          <Property key="person" value="none"/>
          <Coords points="666,3290 724,3290 724,3352 666,3352"/>
          <TextEquiv>
            <Unicode>de</Unicode>
          </TextEquiv>
        </Word>
        <Word id="Record9_Line3_Word3">
          <Property key="category" value="other"/>
          <Property key="person" value="none"/>
          <Coords points="742,3278 837,3278 837,3376 742,3376"/>
          <TextEquiv>
            <Unicode>msr</Unicode>
          </TextEquiv>
        </Word>
        <Word id="Record9_Line3_Word4">
          <Property key="category" value="name"/>
          <Property key="person" value="wifes_father"/>
          <Coords points="842,3281 1015,3281 1015,3374 842,3374"/>
          <TextEquiv>
            <Unicode>jaume</Unicode>
          </TextEquiv>
        </Word>
        <Word id="Record9_Line3_Word5">
          <Property key="category" value="surname"/>
          <Property key="person" value="wifes_father"/>
          <Coords points="1048,3274 1336,3274 1336,3392 1048,3392"/>
          <TextEquiv>
            <Unicode>Massaguer</Unicode>
          </TextEquiv>
        </Word>
        <Word id="Record9_Line3_Word6">
          <Property key="category" value="other"/>
          <Property key="person" value="none"/>
          <Coords points="1361,3283 1548,3283 1548,3379 1361,3379"/>
          <TextEquiv>
            <Unicode>defunct</Unicode>
          </TextEquiv>
        </Word>
        <Word id="Record9_Line3_Word7">
          <Property key="category" value="other"/>
          <Property key="person" value="none"/>
          <Coords points="1530,3312 1600,3312 1600,3379 1530,3379"/>
          <TextEquiv>
            <Unicode>y</Unicode>
          </TextEquiv>
        </Word>
        <Word id="Record9_Line3_Word8">
          <Property key="category" value="other"/>
          <Property key="person" value="none"/>
          <Coords points="1612,3292 1672,3292 1672,3358 1612,3358"/>
          <TextEquiv>
            <Unicode>de</Unicode>
          </TextEquiv>
        </Word>
        <Word id="Record9_Line3_Word9">
          <Property key="category" value="name"/>
          <Property key="person" value="wifes_mother"/>
          <Coords points="1675,3260 1874,3260 1874,3359 1675,3359"/>
          <TextEquiv>
            <Unicode>Paula</Unicode>
          </TextEquiv>
        </Word>
      </TextLine>
    </TextRegion>
  </Page>
</PcGts>
