2690 3794
334 310 628 432 Dimecres
634 363 694 424 a
701 356 784 423 12
787 331 948 420 rebere
956 339 1019 412 de
1018 342 1192 451 jaume
1205 325 1387 421 March
1405 352 1602 440 parayre
1601 345 1682 415 de
1694 334 1893 415 Sabadell
1895 334 2033 413 viudo

383 457 467 539 ab
468 442 760 560 Maryanna
767 442 998 544 donsella
997 439 1136 542 filla
1154 444 1218 510 de
1217 442 1385 547 jaume
1403 407 1632 518 Borrull
1615 456 1839 557 parayre
1848 434 1958 510 de

397 562 615 644 Sabadell
597 589 670 660 y
671 562 730 635 de
754 548 1037 646 Maryanna

378 664 461 740 Dit
471 666 543 732 dia
553 653 703 729 rebere
712 661 763 718 de
765 634 1010 740 francesch
1031 608 1191 710 Pinell
1190 651 1319 748 pages
1332 645 1383 716 de
1379 621 1536 710 Palu
1549 637 1709 710 tordera
1708 624 1827 735 fill
1826 640 1884 705 de
1892 621 1988 708 Mi=

383 755 497 869 quel
515 731 670 826 Pinell
671 763 804 855 pages
822 747 1010 844 defunct
997 766 1062 842 y
1069 750 1128 815 de
1154 731 1410 844 Maryanna
1450 742 1525 812 ab
1524 712 1766 812 Patronilla
1777 734 1978 839 donsella

381 857 499 957 filla
515 860 573 930 de
572 854 705 957 Joan
712 851 845 922 Sola
866 862 1059 952 parayre
1077 846 1136 917 de
1151 830 1234 917 St
1233 841 1363 917 Celoni
1357 865 1421 935 y
1420 851 1487 917 de
1499 849 1553 917 t

375 956 530 1048 Dijous
531 973 588 1030 a
590 969 651 1034 13
646 954 795 1019 rebere
797 958 854 1023 de
842 924 969 1023 Pere
965 943 1213 1020 Vallaneda
1223 941 1389 1033 rajoler
1397 948 1454 1011 de
1464 924 1549 1013 St
1546 933 1682 1031 Cugat
1681 916 1903 1013 habitant
1906 946 1986 1008 en

389 1047 467 1128 St
471 1042 661 1126 Andreu
674 1055 722 1120 de
745 1036 809 1115 la
830 1039 960 1109 barca
965 1039 1073 1134 fill
1088 1047 1136 1115 de
1159 1020 1284 1117 Pere
1294 1036 1553 1115 Vallaneda
1554 1039 1747 1139 fuster
1730 1063 1794 1126 y
1801 1042 1857 1102 de
1875 1020 1980 1104 An=

389 1159 486 1254 tiga
507 1143 713 1246 defuncts
732 1143 798 1214 ab
811 1135 1040 1243 Miquela
1050 1143 1245 1243 donsella
1261 1143 1391 1235 filla
1401 1149 1465 1217 de
1477 1135 1769 1251 Montserrat
1779 1125 1967 1243 Planso

394 1275 527 1372 pages
542 1261 596 1321 de
614 1221 768 1319 Rubi
756 1269 823 1332 y
839 1248 900 1319 de
933 1242 1012 1321 t

363 1355 461 1428 Dit
473 1352 550 1413 dia
565 1342 700 1416 rebere
719 1352 772 1411 de
793 1331 1002 1434 Sebastia
1031 1300 1211 1401 Bachs
1221 1350 1345 1430 pages
1361 1333 1414 1391 de
1427 1308 1510 1392 St
1518 1322 1654 1424 Cipria
1663 1325 1764 1412 fill
1767 1330 1816 1385 de
1832 1316 1978 1386 Marti

381 1432 514 1515 Pachs
538 1462 659 1542 pages
654 1466 717 1529 y
724 1445 769 1510 de
782 1446 926 1539 joana
945 1442 1140 1522 defuncta
1180 1431 1251 1499 ab
1259 1417 1438 1517 Antiga
1462 1427 1652 1522 donsella
1667 1418 1797 1507 filla
1815 1422 1875 1483 de
1885 1412 1991 1482 An=

395 1564 481 1616 toni
503 1532 646 1611 Plans
660 1560 803 1649 pages
821 1543 873 1609 de
898 1536 1076 1637 Gualba
1061 1568 1127 1631 y
1142 1541 1190 1605 de
1218 1528 1463 1630 Margarida
1484 1533 1689 1616 defuncta

375 1647 456 1715 Dit
460 1650 552 1715 dia
556 1642 700 1715 rebere
710 1650 766 1715 de
765 1636 1007 1747 francesch
1025 1631 1182 1710 Munt
1184 1639 1333 1745 pages
1335 1644 1391 1710 de
1406 1623 1605 1702 Torrella
1626 1612 1758 1723 bisbat
1777 1620 1829 1688 de
1834 1612 1983 1715 Urgell

389 1735 596 1819 habitant
608 1765 678 1809 en
677 1722 831 1811 Palau
855 1738 1029 1809 Solitar
1033 1730 1128 1825 fill
1135 1744 1193 1803 de
1190 1727 1426 1833 francesch
1450 1722 1618 1798 Munt
1620 1738 1764 1836 pages
1760 1752 1821 1822 y
1848 1722 1945 1790 de

381 1821 584 1916 Eularia
617 1837 694 1908 ab
696 1829 873 1945 Estasia
891 1835 1084 1932 donsella
1069 1835 1199 1937 filla
1217 1845 1273 1905 de
1286 1818 1476 1932 Miquel
1483 1813 1673 1905 Torres
1675 1832 1827 1932 pages
1850 1808 1950 1894 de

359 1931 628 2055 Igualada
652 1942 842 2036 defunct
827 1963 894 2028 y
910 1939 966 2004 de
976 1934 1235 2012 Catherina

364 2046 464 2127 Dit
468 2044 546 2117 dia
559 2025 705 2114 rebere
710 2041 774 2111 de
784 2006 993 2114 Bernat
1006 2035 1166 2109 Xerri
1173 2057 1344 2127 manya
1354 2025 1443 2106 del
1436 2052 1574 2127 regne
1582 2033 1643 2101 de
1639 2014 1821 2119 frança
1837 1992 2008 2090 habitat

392 2159 439 2200 en
447 2113 598 2222 Bara
606 2145 738 2205 viudo
748 2126 820 2203 ab
833 2124 1021 2200 Maria
1031 2126 1221 2224 donsella
1239 2121 1366 2218 filla
1387 2137 1443 2200 de
1461 2110 1651 2200 Antoni
1650 2110 1821 2200 Amat
1820 2116 1991 2227 ferrer

370 2242 434 2313 de
455 2210 607 2323 Bara
597 2266 664 2336 y
677 2242 733 2313 de
754 2234 990 2342 Speransa
1009 2223 1215 2328 defuncts

356 2349 461 2428 Dit
466 2354 549 2422 dia
562 2338 711 2420 rebere
715 2352 782 2425 de
778 2352 949 2452 jaume
954 2320 1133 2452 Bosch
1137 2354 1322 2449 pages
1340 2322 1407 2398 de
1420 2287 1591 2409 Bara
1590 2317 1717 2387 viudo
1730 2306 1808 2382 ab
1820 2290 1978 2379 Hiero=

372 2467 519 2546 nyma
542 2456 711 2527 viuda
734 2456 790 2521 de
778 2445 933 2559 Joan
926 2429 1103 2556 Phelip
1116 2451 1256 2553 pages
1272 2434 1330 2511 de
1351 2408 1459 2546 Alp
1467 2416 1624 2538 bisbat
1647 2424 1703 2497 de
1700 2413 1851 2532 Urgell

362 2560 461 2637 Dit
463 2566 552 2631 dia
564 2547 719 2631 rebere
726 2566 788 2629 de
803 2547 1073 2653 Montserrat
1091 2529 1273 2618 Romeu
1288 2547 1484 2642 calsater
1499 2545 1558 2612 de
1557 2529 1840 2602 Vilaredona
1831 2526 1956 2626 fill

381 2670 437 2728 de
457 2652 637 2730 Antoni
649 2638 834 2730 Romeu
855 2652 1040 2760 botiguer
1042 2686 1103 2744 y
1110 2663 1174 2733 de
1181 2644 1495 2744 Montserrada
1513 2630 1736 2728 defuncts
1760 2628 1835 2698 ab
1842 2606 1956 2690 Phi=

381 2751 508 2862 lippa
526 2756 713 2848 donsella
715 2754 840 2859 filla
866 2764 922 2824 de
932 2751 1122 2856 Guillem
1140 2748 1262 2848 Gari
1261 2748 1506 2851 matalafer
1519 2751 1572 2816 de
1584 2724 1813 2811 Vilanova
1823 2735 1876 2803 de
1881 2721 2054 2829 Sitges

367 2887 431 2955 y
441 2863 494 2929 de
515 2858 752 2969 Speransa
773 2855 990 2958 defuncts

364 2957 609 3036 Divendres
622 2981 678 3030 a
685 2973 774 3043 14
774 2953 944 3029 rebere
954 2962 1016 3037 de
1013 2920 1152 3029 Pere
1159 2942 1286 3029 Mas
1292 2950 1480 3021 corredor
1487 2945 1550 3015 de
1562 2939 1664 3020 coll
1668 2953 1732 3018 de
1737 2909 1943 3038 Bara

381 3062 519 3127 viudo
553 3048 628 3121 ab
638 3035 807 3127 Paula
830 3053 1045 3156 donsella
1047 3045 1199 3146 filla
1212 3053 1281 3124 de
1288 3021 1410 3124 Pau
1434 3045 1596 3143 Sayol
1584 3053 1744 3159 pages
1760 3053 1813 3119 de
1831 3021 1950 3119 St

367 3142 546 3231 Marti
553 3166 612 3231 de
617 3131 925 3269 Prohensals
915 3188 982 3250 y
992 3166 1059 3231 de
1072 3150 1314 3266 Susanna
