2690 3794
363 302 534 403 Dijous
546 339 579 375 a
593 331 644 376 10
666 306 819 380 rebere
833 318 884 380 de
903 295 1187 382 Barthomeu
1204 300 1336 384 Arus
1343 343 1536 421 parayre
1549 329 1598 386 de
1609 327 1807 388 Sabadell
1806 327 1904 407 fill
1915 325 1988 384 de

380 399 508 488 Juan
524 385 657 465 Arus
663 424 852 504 parayre
861 412 916 465 de
929 397 1146 461 Sabadell
1159 404 1334 485 defunct
1319 431 1382 490 y
1388 404 1442 465 de
1431 401 1633 492 Juana
1668 412 1740 475 ab
1756 406 1923 496 dionysa
1933 391 1991 467 do

373 507 501 590 sella
514 499 635 585 filla
652 507 706 565 de
712 501 855 583 Juan
879 468 1081 589 Pujades
1087 518 1284 606 parayre
1303 509 1352 565 de
1360 493 1463 564 dita
1470 505 1587 565 vila
1576 526 1642 596 y
1650 507 1706 567 de
1693 499 1886 590 Juana

383 589 462 662 Dit
468 593 538 658 dia
550 586 699 662 rebere
702 599 759 658 de
773 566 925 656 Benet
953 564 1100 654 Balle
1105 605 1226 699 pages
1247 593 1298 656 de
1314 576 1389 654 St
1384 561 1485 681 Boy
1495 601 1546 656 de
1551 591 1748 689 Llobregat
1735 580 1844 677 fill
1843 597 1899 658 de
1905 566 2058 656 Benet

387 655 548 758 Balle
564 698 685 785 pages
703 688 756 745 de
767 684 869 747 dita
875 678 982 747 vila
1002 680 1177 772 defunct
1151 703 1220 766 y
1229 684 1284 751 de
1303 673 1541 749 Catherina
1573 680 1652 751 ab
1661 678 1991 791 Magdalena

391 782 580 882 donsella
585 777 714 861 filla
735 778 791 841 de
797 771 1036 874 francesch
1048 755 1184 880 Pujes
1179 794 1322 889 pages
1333 780 1389 839 de
1399 775 1495 839 dita
1498 777 1614 843 vila
1601 805 1662 868 y
1678 784 1736 845 de
1745 766 2014 890 Marquesa

380 879 456 936 Dit
468 875 530 928 dia
538 861 676 924 rebere
689 873 738 930 de
735 869 902 957 Joseph
918 855 1168 932 Claveria
1194 881 1336 961 sastre
1351 879 1407 932 de
1406 852 1552 957 Bara
1535 871 1652 961 fill
1659 879 1715 936 de
1724 865 1878 980 Garau
1889 873 2006 938 Cla=

383 964 533 1018 veria
550 964 704 1051 sastre
723 962 787 1023 de
801 939 957 1042 Bara
967 960 1159 1046 defunct
1148 983 1212 1048 y
1227 964 1280 1025 de
1297 956 1584 1055 Magdalena
1609 964 1693 1026 ab
1683 954 1858 1025 Paula
1873 958 2042 1053 dosella

358 1054 501 1146 filla
518 1058 579 1119 de
592 1037 710 1119 Pere
720 1047 888 1115 Serra
868 1052 1120 1150 scudaller
1102 1079 1170 1150 y
1177 1056 1241 1125 de
1261 1047 1580 1163 Magdalena

373 1143 589 1212 Divendres
602 1174 640 1215 a
652 1168 695 1213 11
713 1143 862 1215 rebere
872 1160 925 1219 de
925 1149 1164 1250 francesch
1179 1151 1368 1217 Cuberta
1378 1172 1564 1256 parayre
1573 1158 1628 1213 de
1647 1149 1793 1213 Caldes
1806 1149 1863 1213 de
1871 1137 2052 1238 Monbuy

369 1237 474 1335 fill
482 1251 529 1306 de
518 1226 764 1331 francesch
780 1237 968 1312 Cuberta
971 1268 1173 1354 parayre
1176 1268 1226 1325 y
1243 1249 1294 1314 de
1305 1231 1460 1319 Paula
1491 1243 1564 1314 ab
1577 1239 1744 1314 Maria
1761 1249 1970 1337 donsella

363 1341 501 1433 filla
525 1347 579 1408 de
606 1334 795 1437 Miquel
808 1318 962 1431 Pages
978 1363 1173 1452 parayre
1190 1353 1244 1408 de
1255 1345 1354 1406 dita
1370 1341 1471 1410 vila
1489 1347 1666 1429 defunct
1657 1368 1720 1435 y
1725 1353 1785 1414 de
1799 1341 2062 1447 Margarida

372 1444 462 1520 Dit
478 1446 554 1510 dia
565 1432 718 1508 rebere
727 1444 781 1514 de
781 1446 926 1539 Juan
943 1432 1090 1514 Vidal
1098 1440 1329 1506 treballador
1342 1444 1412 1503 del
1416 1461 1555 1541 regne
1569 1451 1624 1510 de
1615 1444 1800 1551 frança
1820 1446 2024 1518 habitant

383 1567 442 1613 en
454 1538 736 1608 Vallcarcara
763 1534 841 1605 ab
846 1530 1035 1601 Maria
1045 1538 1260 1632 donsella
1251 1540 1390 1626 filla
1406 1542 1458 1607 de
1452 1530 1602 1640 Juan
1625 1536 1807 1638 Spinas
1803 1561 1942 1647 pages
1961 1554 2019 1614 de

395 1662 537 1736 aygua
543 1644 696 1736 freda
717 1631 869 1740 bisbat
883 1644 933 1703 de
942 1625 1068 1699 Vich
1049 1664 1118 1732 y
1127 1640 1184 1705 de
1211 1625 1486 1732 Margarida

369 1737 455 1803 Dit
465 1735 551 1802 dia
567 1719 727 1805 donare
741 1731 936 1802 llicentia
928 1735 1110 1836 gratis
1117 1762 1150 1800 a
1167 1706 1449 1802 Barthomeu
1459 1725 1623 1825 Dunyo
1633 1754 1758 1834 pages
1767 1737 1817 1794 de
1823 1714 1895 1786 St
1884 1694 1992 1815 Boy

381 1831 508 1888 viudo
521 1826 590 1890 ab
603 1818 820 1929 Elisabeth
836 1835 1035 1931 donsella
1035 1810 1170 1921 filla
1197 1839 1251 1898 de
1254 1806 1520 1900 Barthomeu
1540 1824 1730 1898 Vendrell
1738 1843 1881 1940 pages
1901 1831 1959 1892 de

366 1922 469 1989 dita
478 1918 593 1985 vila
599 1943 646 2021 y
648 1926 703 1987 de
734 1924 770 1989 t

352 2014 438 2079 Dit
440 2011 516 2071 dia
532 2001 675 2077 rebere
691 2020 742 2075 de
748 2005 980 2112 francesch
997 2011 1170 2073 Calvell
1167 2020 1293 2104 pages
1307 2009 1357 2067 de
1363 1989 1463 2066 Sta
1449 1991 1658 2108 Perpetua
1675 2013 1803 2075 viudo
1820 2007 1899 2071 ab
1898 1999 2040 2075 Mar=

355 2115 530 2204 garida
542 2105 727 2187 donsella
723 2103 844 2183 filla
855 2109 911 2164 de
947 2109 980 2151 t
1030 2080 1248 2162 Ribalta
1233 2113 1312 2200 y
1315 2107 1381 2173 de
1388 2111 1432 2164 t

366 2196 441 2262 Dit
451 2202 530 2264 dia
536 2184 686 2262 rebere
699 2200 778 2264 del
783 2173 860 2258 Sr
833 2198 1076 2295 feliciano
1091 2198 1145 2262 de
1162 2194 1316 2287 Sayol
1292 2228 1357 2285 y
1365 2198 1417 2266 de
1427 2163 1655 2258 Barbera
1662 2159 1760 2271 Sr
1757 2192 1821 2260 de
1838 2182 1992 2255 Carol

348 2294 455 2393 fill
461 2292 537 2363 del
550 2275 635 2361 Sr
625 2290 759 2393 Luys
769 2298 827 2361 de
847 2290 1003 2384 Sayol
981 2321 1049 2388 y
1066 2298 1120 2361 de
1137 2292 1205 2357 la
1215 2282 1320 2353 Sra
1313 2281 1435 2357 dona
1445 2265 1662 2372 Rafela
1683 2286 1736 2347 de
1743 2284 1895 2370 Sayol
1876 2307 1936 2366 y
1945 2288 1994 2349 de

372 2369 571 2455 Barbera
606 2390 678 2451 ab
680 2392 732 2457 la
743 2369 846 2458 Sra
843 2388 959 2468 dona
984 2381 1149 2451 Maria
1163 2387 1216 2453 de
1236 2357 1322 2449 St
1319 2362 1486 2438 Menat
1477 2381 1598 2455 filla
1615 2377 1679 2440 del
1683 2364 1761 2438 Sr
1756 2381 1839 2443 don
1830 2379 1980 2474 Juan

383 2485 430 2553 de
441 2467 519 2547 St
528 2477 700 2544 Menat
694 2510 756 2571 y
763 2487 819 2547 de
825 2482 943 2552 dona
988 2494 1026 2544 t
1079 2484 1143 2550 de
1146 2461 1234 2554 St
1241 2461 1421 2560 Menat
1418 2494 1471 2582 y
1463 2474 1526 2558 de
1535 2452 1770 2548 Torrelles

355 2578 442 2657 Dit
461 2578 537 2650 dia
543 2570 686 2646 rebere
699 2581 759 2646 de
762 2574 979 2669 Hyacinto
993 2560 1174 2681 Artigas
1194 2579 1357 2640 texidor
1371 2579 1417 2638 de
1431 2578 1573 2640 llana
1587 2578 1634 2638 de
1641 2574 1923 2671 Sparaguera
1901 2572 2015 2661 fill

372 2687 420 2744 de
444 2660 566 2739 Vidal
579 2662 760 2771 Artigas
772 2672 940 2741 texidor
957 2685 1014 2744 de
1031 2670 1159 2737 llana
1155 2699 1212 2758 y
1213 2681 1269 2734 de
1286 2662 1490 2731 Andreua
1517 2670 1592 2727 ab
1593 2656 1739 2727 Anna
1749 2664 1955 2752 donsella

354 2763 476 2844 filla
497 2768 548 2829 de
570 2743 752 2827 Bernat
773 2757 922 2860 Golart
935 2766 1156 2864 negociant
1172 2763 1224 2823 de
1232 2757 1336 2819 dita
1335 2753 1450 2818 vila
1449 2780 1496 2850 y
1508 2761 1556 2812 de
1573 2757 1612 2808 t

355 2845 438 2916 Dit
451 2853 529 2916 dia
543 2842 692 2918 rebere
712 2857 760 2920 de
776 2834 962 2916 Antoni
981 2849 1206 2955 Castanyer
1225 2847 1414 2918 llibrater
1413 2853 1528 2939 fill
1540 2849 1594 2910 de
1604 2830 1780 2912 Antoni
1795 2836 2012 2943 Castanyer

348 2942 612 3045 sombrarer
634 2954 695 3020 de
699 2923 858 3037 Bara
864 2942 1040 3032 defunct
1034 2963 1092 3028 y
1102 2942 1152 3008 de
1154 2938 1333 3033 Juana
1353 2936 1422 3003 ab
1430 2923 1644 3028 Elisabeth
1659 2936 1836 3035 donsella
1834 2940 1992 3022 filla

381 3046 433 3105 de
459 3029 636 3107 Llorens
666 3019 848 3138 Rossell
873 3032 1072 3107 llibrater
1095 3038 1152 3095 de
1173 3009 1329 3124 Bara
1301 3059 1366 3118 y
1378 3036 1439 3101 de
1466 3025 1744 3118 Hieronyma

359 3121 583 3230 Dissapte
596 3160 635 3195 a
659 3141 721 3192 12
751 3119 904 3194 rebere
924 3131 971 3188 de
974 3092 1173 3215 franch
1162 3106 1375 3188 Nicolau
1381 3135 1523 3219 pages
1533 3123 1596 3184 de
1601 3102 1684 3186 St
1651 3112 1807 3207 feliu
1817 3123 1874 3182 de
1885 3106 1974 3182 Llo

373 3229 501 3321 bregat
500 3227 607 3305 fill
625 3223 672 3282 de
685 3210 940 3302 Montserrat
965 3206 1164 3274 Nicolau
1165 3229 1304 3319 pages
1319 3212 1492 3300 defunct
1477 3231 1542 3292 y
1554 3214 1609 3272 de
1623 3204 1877 3300 Maryanna
1905 3208 1973 3271 ab

366 3314 506 3406 Agnes
519 3314 706 3406 donsella
695 3306 830 3402 filla
851 3306 902 3371 de
929 3293 1103 3390 Galcera
1116 3289 1294 3390 Avinyo
1307 3289 1481 3365 hortola
1495 3303 1552 3367 de
1544 3281 1694 3398 Bara
1673 3333 1740 3394 y
1753 3304 1807 3365 de
1803 3283 1980 3369 Paula

372 3399 590 3491 defuncts
