<?xml version="1.0" encoding="utf-8"?>
<PcGts xmlns="http://schema.primaresearch.org/PAGE/gts/pagecontent/2013-07-15">
  <Metadata>
    <Creator>GeneraPageCompeition</Creator>
    <Created>2017-11-30T18:34:50Z</Created>
    <LastChange>2017-11-30T18:34:50Z</LastChange>
  </Metadata>
  <Page imageFilename="Volum_069_Registres_0105.jpg" imageHeight="3794" imageWidth="2690">
    <Property key="idPage" value="10455"/>
    <TextRegion id="Record1">
      <Coords points="0,0 0,0"/>
      <TextLine id="Record1_Line0">
        <Coords points="0,0 0,0"/>
        <Word id="Record1_Line0_Word0">
          <Property key="category" value="other"/>
          <Property key="person" value="none"/>
          <Coords points="402,262 615,262 615,391 402,391"/>
          <TextEquiv>
            <Unicode>Diumege</Unicode>
          </TextEquiv>
        </Word>
        <Word id="Record1_Line0_Word1">
          <Property key="category" value="other"/>
          <Property key="person" value="none"/>
          <Coords points="630,306 670,306 670,350 630,350"/>
          <TextEquiv>
            <Unicode>a</Unicode>
          </TextEquiv>
        </Word>
        <Word id="Record1_Line0_Word2">
          <Property key="category" value="other"/>
          <Property key="person" value="none"/>
          <Coords points="691,297 746,297 746,358 691,358"/>
          <TextEquiv>
            <Unicode>15</Unicode>
          </TextEquiv>
        </Word>
        <Word id="Record1_Line0_Word3">
          <Property key="category" value="other"/>
          <Property key="person" value="none"/>
          <Coords points="759,276 903,276 903,353 759,353"/>
          <TextEquiv>
            <Unicode>rebere</Unicode>
          </TextEquiv>
        </Word>
        <Word id="Record1_Line0_Word4">
          <Property key="category" value="other"/>
          <Property key="person" value="none"/>
          <Coords points="904,284 968,284 968,358 904,358"/>
          <TextEquiv>
            <Unicode>de</Unicode>
          </TextEquiv>
        </Word>
        <Word id="Record1_Line0_Word5">
          <Property key="category" value="name"/>
          <Property key="person" value="husband"/>
          <Coords points="957,281 1119,281 1119,383 957,383"/>
          <TextEquiv>
            <Unicode>Juan</Unicode>
          </TextEquiv>
        </Word>
        <Word id="Record1_Line0_Word6">
          <Property key="category" value="surname"/>
          <Property key="person" value="husband"/>
          <Coords points="1132,270 1289,270 1289,391 1132,391"/>
          <TextEquiv>
            <Unicode>Basso</Unicode>
          </TextEquiv>
        </Word>
        <Word id="Record1_Line0_Word7">
          <Property key="category" value="occupation"/>
          <Property key="person" value="husband"/>
          <Coords points="1294,300 1437,300 1437,398 1294,398"/>
          <TextEquiv>
            <Unicode>pages</Unicode>
          </TextEquiv>
        </Word>
        <Word id="Record1_Line0_Word8">
          <Property key="category" value="other"/>
          <Property key="person" value="none"/>
          <Coords points="1434,289 1511,289 1511,364 1434,364"/>
          <TextEquiv>
            <Unicode>del</Unicode>
          </TextEquiv>
        </Word>
        <Word id="Record1_Line0_Word9">
          <Property key="category" value="location"/>
          <Property key="person" value="husband"/>
          <Coords points="1510,306 1640,306 1640,393 1510,393"/>
          <TextEquiv>
            <Unicode>regne</Unicode>
          </TextEquiv>
        </Word>
        <Word id="Record1_Line0_Word10">
          <Property key="category" value="location"/>
          <Property key="person" value="husband"/>
          <Coords points="1645,295 1714,295 1714,366 1645,366"/>
          <TextEquiv>
            <Unicode>de</Unicode>
          </TextEquiv>
        </Word>
        <Word id="Record1_Line0_Word11">
          <Property key="category" value="location"/>
          <Property key="person" value="husband"/>
          <Coords points="1700,295 1876,295 1876,388 1700,388"/>
          <TextEquiv>
            <Unicode>frança</Unicode>
          </TextEquiv>
        </Word>
        <Word id="Record1_Line0_Word12">
          <Property key="category" value="other"/>
          <Property key="person" value="none"/>
          <Coords points="1897,281 2013,281 2013,361 1897,361"/>
          <TextEquiv>
            <Unicode>habi=</Unicode>
          </TextEquiv>
        </Word>
      </TextLine>
      <TextLine id="Record1_Line1">
        <Coords points="0,0 0,0"/>
        <Word id="Record1_Line1_Word0">
          <Property key="category" value="other"/>
          <Property key="person" value="none"/>
          <Coords points="416,392 524,392 524,447 416,447"/>
          <TextEquiv>
            <Unicode>tant</Unicode>
          </TextEquiv>
        </Word>
        <Word id="Record1_Line1_Word1">
          <Property key="category" value="other"/>
          <Property key="person" value="none"/>
          <Coords points="529,401 596,401 596,453 529,453"/>
          <TextEquiv>
            <Unicode>en</Unicode>
          </TextEquiv>
        </Word>
        <Word id="Record1_Line1_Word2">
          <Property key="category" value="location"/>
          <Property key="person" value="husband"/>
          <Coords points="595,379 823,379 823,485 595,485"/>
          <TextEquiv>
            <Unicode>Splugues</Unicode>
          </TextEquiv>
        </Word>
        <Word id="Record1_Line1_Word3">
          <Property key="category" value="other"/>
          <Property key="person" value="none"/>
          <Coords points="839,371 903,371 903,453 839,453"/>
          <TextEquiv>
            <Unicode>ab</Unicode>
          </TextEquiv>
        </Word>
        <Word id="Record1_Line1_Word4">
          <Property key="category" value="name"/>
          <Property key="person" value="wife"/>
          <Coords points="904,382 1086,382 1086,483 904,483"/>
          <TextEquiv>
            <Unicode>Juana</Unicode>
          </TextEquiv>
        </Word>
        <Word id="Record1_Line1_Word5">
          <Property key="category" value="state"/>
          <Property key="person" value="wife"/>
          <Coords points="1088,382 1256,382 1256,453 1088,453"/>
          <TextEquiv>
            <Unicode>viuda</Unicode>
          </TextEquiv>
        </Word>
        <Word id="Record1_Line1_Word6">
          <Property key="category" value="other"/>
          <Property key="person" value="none"/>
          <Coords points="1275,382 1336,382 1336,453 1275,453"/>
          <TextEquiv>
            <Unicode>de</Unicode>
          </TextEquiv>
        </Word>
        <Word id="Record1_Line1_Word7">
          <Property key="category" value="name"/>
          <Property key="person" value="other_person"/>
          <Coords points="1403,384 1443,384 1443,445 1403,445"/>
          <TextEquiv>
            <Unicode>t</Unicode>
          </TextEquiv>
        </Word>
        <Word id="Record1_Line1_Word8">
          <Property key="category" value="surname"/>
          <Property key="person" value="other_person"/>
          <Coords points="1494,373 1635,373 1635,480 1494,480"/>
          <TextEquiv>
            <Unicode>Esteve</Unicode>
          </TextEquiv>
        </Word>
        <Word id="Record1_Line1_Word9">
          <Property key="category" value="occupation"/>
          <Property key="person" value="wife"/>
          <Coords points="1634,401 1766,401 1766,480 1634,480"/>
          <TextEquiv>
            <Unicode>pages</Unicode>
          </TextEquiv>
        </Word>
        <Word id="Record1_Line1_Word10">
          <Property key="category" value="other"/>
          <Property key="person" value="none"/>
          <Coords points="1765,390 1827,390 1827,455 1765,455"/>
          <TextEquiv>
            <Unicode>de</Unicode>
          </TextEquiv>
        </Word>
        <Word id="Record1_Line1_Word11">
          <Property key="category" value="location"/>
          <Property key="person" value="wife"/>
          <Coords points="1831,379 2052,379 2052,453 1831,453"/>
          <TextEquiv>
            <Unicode>Martorell</Unicode>
          </TextEquiv>
        </Word>
      </TextLine>
    </TextRegion>
    <TextRegion id="Record2">
      <Coords points="0,0 0,0"/>
      <TextLine id="Record2_Line0">
        <Coords points="0,0 0,0"/>
        <Word id="Record2_Line0_Word0">
          <Property key="category" value="other"/>
          <Property key="person" value="none"/>
          <Coords points="416,473 593,473 593,553 416,553"/>
          <TextEquiv>
            <Unicode>Dimars</Unicode>
          </TextEquiv>
        </Word>
        <Word id="Record2_Line0_Word1">
          <Property key="category" value="other"/>
          <Property key="person" value="none"/>
          <Coords points="606,503 642,503 642,545 606,545"/>
          <TextEquiv>
            <Unicode>a</Unicode>
          </TextEquiv>
        </Word>
        <Word id="Record2_Line0_Word2">
          <Property key="category" value="other"/>
          <Property key="person" value="none"/>
          <Coords points="669,484 733,484 733,550 669,550"/>
          <TextEquiv>
            <Unicode>17</Unicode>
          </TextEquiv>
        </Word>
        <Word id="Record2_Line0_Word3">
          <Property key="category" value="other"/>
          <Property key="person" value="none"/>
          <Coords points="740,468 894,468 894,542 740,542"/>
          <TextEquiv>
            <Unicode>rebere</Unicode>
          </TextEquiv>
        </Word>
        <Word id="Record2_Line0_Word4">
          <Property key="category" value="other"/>
          <Property key="person" value="none"/>
          <Coords points="902,479 963,479 963,543 902,543"/>
          <TextEquiv>
            <Unicode>de</Unicode>
          </TextEquiv>
        </Word>
        <Word id="Record2_Line0_Word5">
          <Property key="category" value="name"/>
          <Property key="person" value="husband"/>
          <Coords points="953,475 1100,475 1100,567 953,567"/>
          <TextEquiv>
            <Unicode>Juan</Unicode>
          </TextEquiv>
        </Word>
        <Word id="Record2_Line0_Word6">
          <Property key="category" value="surname"/>
          <Property key="person" value="husband"/>
          <Coords points="1105,463 1276,463 1276,542 1105,542"/>
          <TextEquiv>
            <Unicode>Mauri</Unicode>
          </TextEquiv>
        </Word>
        <Word id="Record2_Line0_Word7">
          <Property key="category" value="occupation"/>
          <Property key="person" value="husband"/>
          <Coords points="1291,463 1462,463 1462,542 1291,542"/>
          <TextEquiv>
            <Unicode>hortola</Unicode>
          </TextEquiv>
        </Word>
        <Word id="Record2_Line0_Word8">
          <Property key="category" value="other"/>
          <Property key="person" value="none"/>
          <Coords points="1471,470 1559,470 1559,545 1471,545"/>
          <TextEquiv>
            <Unicode>del</Unicode>
          </TextEquiv>
        </Word>
        <Word id="Record2_Line0_Word9">
          <Property key="category" value="location"/>
          <Property key="person" value="husband"/>
          <Coords points="1561,481 1696,481 1696,573 1561,573"/>
          <TextEquiv>
            <Unicode>regne</Unicode>
          </TextEquiv>
        </Word>
        <Word id="Record2_Line0_Word10">
          <Property key="category" value="location"/>
          <Property key="person" value="husband"/>
          <Coords points="1702,483 1767,483 1767,545 1702,545"/>
          <TextEquiv>
            <Unicode>de</Unicode>
          </TextEquiv>
        </Word>
        <Word id="Record2_Line0_Word11">
          <Property key="category" value="location"/>
          <Property key="person" value="husband"/>
          <Coords points="1744,458 1938,458 1938,567 1744,567"/>
          <TextEquiv>
            <Unicode>frança</Unicode>
          </TextEquiv>
        </Word>
        <Word id="Record2_Line0_Word12">
          <Property key="category" value="other"/>
          <Property key="person" value="none"/>
          <Coords points="1945,460 2023,460 2023,549 1945,549"/>
          <TextEquiv>
            <Unicode>ha</Unicode>
          </TextEquiv>
        </Word>
      </TextLine>
      <TextLine id="Record2_Line1">
        <Coords points="0,0 0,0"/>
        <Word id="Record2_Line1_Word0">
          <Property key="category" value="other"/>
          <Property key="person" value="none"/>
          <Coords points="422,574 579,574 579,653 422,653"/>
          <TextEquiv>
            <Unicode>bitant</Unicode>
          </TextEquiv>
        </Word>
        <Word id="Record2_Line1_Word1">
          <Property key="category" value="other"/>
          <Property key="person" value="none"/>
          <Coords points="595,596 664,596 664,648 595,648"/>
          <TextEquiv>
            <Unicode>en</Unicode>
          </TextEquiv>
        </Word>
        <Word id="Record2_Line1_Word2">
          <Property key="category" value="location"/>
          <Property key="person" value="husband"/>
          <Coords points="671,552 834,552 834,664 671,664"/>
          <TextEquiv>
            <Unicode>Bara</Unicode>
          </TextEquiv>
        </Word>
        <Word id="Record2_Line1_Word3">
          <Property key="category" value="other"/>
          <Property key="person" value="none"/>
          <Coords points="839,555 908,555 908,640 839,640"/>
          <TextEquiv>
            <Unicode>ab</Unicode>
          </TextEquiv>
        </Word>
        <Word id="Record2_Line1_Word4">
          <Property key="category" value="name"/>
          <Property key="person" value="wife"/>
          <Coords points="918,558 1056,558 1056,640 918,640"/>
          <TextEquiv>
            <Unicode>Elena</Unicode>
          </TextEquiv>
        </Word>
        <Word id="Record2_Line1_Word5">
          <Property key="category" value="state"/>
          <Property key="person" value="wife"/>
          <Coords points="1058,566 1262,566 1262,669 1058,669"/>
          <TextEquiv>
            <Unicode>donsella</Unicode>
          </TextEquiv>
        </Word>
        <Word id="Record2_Line1_Word6">
          <Property key="category" value="other"/>
          <Property key="person" value="none"/>
          <Coords points="1261,563 1396,563 1396,659 1261,659"/>
          <TextEquiv>
            <Unicode>filla</Unicode>
          </TextEquiv>
        </Word>
        <Word id="Record2_Line1_Word7">
          <Property key="category" value="other"/>
          <Property key="person" value="none"/>
          <Coords points="1414,574 1470,574 1470,640 1414,640"/>
          <TextEquiv>
            <Unicode>de</Unicode>
          </TextEquiv>
        </Word>
        <Word id="Record2_Line1_Word8">
          <Property key="category" value="name"/>
          <Property key="person" value="wifes_father"/>
          <Coords points="1480,555 1668,555 1668,640 1480,640"/>
          <TextEquiv>
            <Unicode>Arnau</Unicode>
          </TextEquiv>
        </Word>
        <Word id="Record2_Line1_Word9">
          <Property key="category" value="surname"/>
          <Property key="person" value="wifes_father"/>
          <Coords points="1686,558 1931,558 1931,664 1686,664"/>
          <TextEquiv>
            <Unicode>Romanya</Unicode>
          </TextEquiv>
        </Word>
        <Word id="Record2_Line1_Word10">
          <Property key="category" value="occupation"/>
          <Property key="person" value="wifes_father"/>
          <Coords points="1947,582 1994,582 1994,634 1947,634"/>
          <TextEquiv>
            <Unicode>te=</Unicode>
          </TextEquiv>
        </Word>
      </TextLine>
      <TextLine id="Record2_Line2">
        <Coords points="0,0 0,0"/>
        <Word id="Record2_Line2_Word0">
          <Property key="category" value="occupation"/>
          <Property key="person" value="wifes_father"/>
          <Coords points="427,679 571,679 571,745 427,745"/>
          <TextEquiv>
            <Unicode>xidor</Unicode>
          </TextEquiv>
        </Word>
        <Word id="Record2_Line2_Word1">
          <Property key="category" value="occupation"/>
          <Property key="person" value="wifes_father"/>
          <Coords points="589,679 645,679 645,740 589,740"/>
          <TextEquiv>
            <Unicode>de</Unicode>
          </TextEquiv>
        </Word>
        <Word id="Record2_Line2_Word2">
          <Property key="category" value="occupation"/>
          <Property key="person" value="wifes_father"/>
          <Coords points="657,671 719,671 719,743 657,743"/>
          <TextEquiv>
            <Unicode>lli</Unicode>
          </TextEquiv>
        </Word>
        <Word id="Record2_Line2_Word3">
          <Property key="category" value="other"/>
          <Property key="person" value="none"/>
          <Coords points="734,677 788,677 788,743 734,743"/>
          <TextEquiv>
            <Unicode>de</Unicode>
          </TextEquiv>
        </Word>
        <Word id="Record2_Line2_Word4">
          <Property key="category" value="location"/>
          <Property key="person" value="wifes_father"/>
          <Coords points="800,649 949,649 949,756 800,756"/>
          <TextEquiv>
            <Unicode>Bara</Unicode>
          </TextEquiv>
        </Word>
        <Word id="Record2_Line2_Word5">
          <Property key="category" value="other"/>
          <Property key="person" value="none"/>
          <Coords points="946,666 1136,666 1136,762 946,762"/>
          <TextEquiv>
            <Unicode>defunct</Unicode>
          </TextEquiv>
        </Word>
        <Word id="Record2_Line2_Word6">
          <Property key="category" value="other"/>
          <Property key="person" value="none"/>
          <Coords points="1146,685 1193,685 1193,767 1146,767"/>
          <TextEquiv>
            <Unicode>y</Unicode>
          </TextEquiv>
        </Word>
        <Word id="Record2_Line2_Word7">
          <Property key="category" value="other"/>
          <Property key="person" value="none"/>
          <Coords points="1192,663 1265,663 1265,737 1192,737"/>
          <TextEquiv>
            <Unicode>de</Unicode>
          </TextEquiv>
        </Word>
        <Word id="Record2_Line2_Word8">
          <Property key="category" value="name"/>
          <Property key="person" value="wifes_mother"/>
          <Coords points="1272,666 1426,666 1426,737 1272,737"/>
          <TextEquiv>
            <Unicode>Condo</Unicode>
          </TextEquiv>
        </Word>
      </TextLine>
    </TextRegion>
    <TextRegion id="Record3">
      <Coords points="0,0 0,0"/>
      <TextLine id="Record3_Line0">
        <Coords points="0,0 0,0"/>
        <Word id="Record3_Line0_Word0">
          <Property key="category" value="other"/>
          <Property key="person" value="none"/>
          <Coords points="419,774 612,774 612,840 419,840"/>
          <TextEquiv>
            <Unicode>Dimecres</Unicode>
          </TextEquiv>
        </Word>
        <Word id="Record3_Line0_Word1">
          <Property key="category" value="other"/>
          <Property key="person" value="none"/>
          <Coords points="617,782 656,782 656,832 617,832"/>
          <TextEquiv>
            <Unicode>a</Unicode>
          </TextEquiv>
        </Word>
        <Word id="Record3_Line0_Word2">
          <Property key="category" value="other"/>
          <Property key="person" value="none"/>
          <Coords points="666,772 733,772 733,832 666,832"/>
          <TextEquiv>
            <Unicode>18</Unicode>
          </TextEquiv>
        </Word>
        <Word id="Record3_Line0_Word3">
          <Property key="category" value="other"/>
          <Property key="person" value="none"/>
          <Coords points="737,758 878,758 878,829 737,829"/>
          <TextEquiv>
            <Unicode>rebere</Unicode>
          </TextEquiv>
        </Word>
        <Word id="Record3_Line0_Word4">
          <Property key="category" value="other"/>
          <Property key="person" value="none"/>
          <Coords points="888,761 968,761 968,835 888,835"/>
          <TextEquiv>
            <Unicode>del</Unicode>
          </TextEquiv>
        </Word>
        <Word id="Record3_Line0_Word5">
          <Property key="category" value="other"/>
          <Property key="person" value="none"/>
          <Coords points="970,742 1051,742 1051,832 970,832"/>
          <TextEquiv>
            <Unicode>Sr</Unicode>
          </TextEquiv>
        </Word>
        <Word id="Record3_Line0_Word6">
          <Property key="category" value="name"/>
          <Property key="person" value="husband"/>
          <Coords points="1050,747 1237,747 1237,856 1050,856"/>
          <TextEquiv>
            <Unicode>Hypolit</Unicode>
          </TextEquiv>
        </Word>
        <Word id="Record3_Line0_Word7">
          <Property key="category" value="surname"/>
          <Property key="person" value="husband"/>
          <Coords points="1250,747 1498,747 1498,826 1250,826"/>
          <TextEquiv>
            <Unicode>Muntaner</Unicode>
          </TextEquiv>
        </Word>
        <Word id="Record3_Line0_Word8">
          <Property key="category" value="occupation"/>
          <Property key="person" value="husband"/>
          <Coords points="1494,744 1629,744 1629,816 1494,816"/>
          <TextEquiv>
            <Unicode>doctor</Unicode>
          </TextEquiv>
        </Word>
        <Word id="Record3_Line0_Word9">
          <Property key="category" value="occupation"/>
          <Property key="person" value="husband"/>
          <Coords points="1634,744 1717,744 1717,818 1634,818"/>
          <TextEquiv>
            <Unicode>del</Unicode>
          </TextEquiv>
        </Word>
        <Word id="Record3_Line0_Word10">
          <Property key="category" value="occupation"/>
          <Property key="person" value="husband"/>
          <Coords points="1727,731 1851,731 1851,813 1727,813"/>
          <TextEquiv>
            <Unicode>Real</Unicode>
          </TextEquiv>
        </Word>
        <Word id="Record3_Line0_Word11">
          <Property key="category" value="occupation"/>
          <Property key="person" value="husband"/>
          <Coords points="1859,750 2010,750 2010,837 1859,837"/>
          <TextEquiv>
            <Unicode>Consell</Unicode>
          </TextEquiv>
        </Word>
      </TextLine>
      <TextLine id="Record3_Line1">
        <Coords points="0,0 0,0"/>
        <Word id="Record3_Line1_Word0">
          <Property key="category" value="state"/>
          <Property key="person" value="husband"/>
          <Coords points="419,861 554,861 554,932 419,932"/>
          <TextEquiv>
            <Unicode>viudo</Unicode>
          </TextEquiv>
        </Word>
        <Word id="Record3_Line1_Word1">
          <Property key="category" value="other"/>
          <Property key="person" value="none"/>
          <Coords points="559,855 620,855 620,927 559,927"/>
          <TextEquiv>
            <Unicode>ab</Unicode>
          </TextEquiv>
        </Word>
        <Word id="Record3_Line1_Word2">
          <Property key="category" value="other"/>
          <Property key="person" value="none"/>
          <Coords points="633,861 692,861 692,924 633,924"/>
          <TextEquiv>
            <Unicode>la</Unicode>
          </TextEquiv>
        </Word>
        <Word id="Record3_Line1_Word3">
          <Property key="category" value="other"/>
          <Property key="person" value="none"/>
          <Coords points="699,828 807,828 807,919 699,919"/>
          <TextEquiv>
            <Unicode>Sra</Unicode>
          </TextEquiv>
        </Word>
        <Word id="Record3_Line1_Word4">
          <Property key="category" value="name"/>
          <Property key="person" value="wife"/>
          <Coords points="795,847 1021,847 1021,946 795,946"/>
          <TextEquiv>
            <Unicode>francisca</Unicode>
          </TextEquiv>
        </Word>
        <Word id="Record3_Line1_Word5">
          <Property key="category" value="state"/>
          <Property key="person" value="wife"/>
          <Coords points="1020,847 1213,847 1213,951 1020,951"/>
          <TextEquiv>
            <Unicode>donsella</Unicode>
          </TextEquiv>
        </Word>
        <Word id="Record3_Line1_Word6">
          <Property key="category" value="other"/>
          <Property key="person" value="none"/>
          <Coords points="1214,844 1347,844 1347,940 1214,940"/>
          <TextEquiv>
            <Unicode>filla</Unicode>
          </TextEquiv>
        </Word>
        <Word id="Record3_Line1_Word7">
          <Property key="category" value="other"/>
          <Property key="person" value="none"/>
          <Coords points="1357,847 1435,847 1435,916 1357,916"/>
          <TextEquiv>
            <Unicode>del</Unicode>
          </TextEquiv>
        </Word>
        <Word id="Record3_Line1_Word8">
          <Property key="category" value="other"/>
          <Property key="person" value="none"/>
          <Coords points="1436,820 1520,820 1520,911 1436,911"/>
          <TextEquiv>
            <Unicode>Sr</Unicode>
          </TextEquiv>
        </Word>
        <Word id="Record3_Line1_Word9">
          <Property key="category" value="surname"/>
          <Property key="person" value="wifes_father"/>
          <Coords points="1675,834 1873,834 1873,908 1675,908"/>
          <TextEquiv>
            <Unicode>Solanell</Unicode>
          </TextEquiv>
        </Word>
        <Word id="Record3_Line1_Word10">
          <Property key="category" value="occupation"/>
          <Property key="person" value="wifes_father"/>
          <Coords points="1878,834 2030,834 2030,919 1878,919"/>
          <TextEquiv>
            <Unicode>donsell</Unicode>
          </TextEquiv>
        </Word>
      </TextLine>
      <TextLine id="Record3_Line2">
        <Coords points="0,0 0,0"/>
        <Word id="Record3_Line2_Word0">
          <Property key="category" value="other"/>
          <Property key="person" value="none"/>
          <Coords points="425,972 491,972 491,1021 425,1021"/>
          <TextEquiv>
            <Unicode>en</Unicode>
          </TextEquiv>
        </Word>
        <Word id="Record3_Line2_Word1">
          <Property key="category" value="location"/>
          <Property key="person" value="wifes_father"/>
          <Coords points="498,929 648,929 648,1019 498,1019"/>
          <TextEquiv>
            <Unicode>Ribes</Unicode>
          </TextEquiv>
        </Word>
        <Word id="Record3_Line2_Word2">
          <Property key="category" value="location"/>
          <Property key="person" value="wifes_father"/>
          <Coords points="660,945 886,945 886,1019 660,1019"/>
          <TextEquiv>
            <Unicode>domiciliat</Unicode>
          </TextEquiv>
        </Word>
        <Word id="Record3_Line2_Word3">
          <Property key="category" value="location"/>
          <Property key="person" value="wifes_father"/>
          <Coords points="893,934 1034,934 1034,1038 893,1038"/>
          <TextEquiv>
            <Unicode>bisbat</Unicode>
          </TextEquiv>
        </Word>
        <Word id="Record3_Line2_Word4">
          <Property key="category" value="location"/>
          <Property key="person" value="wifes_father"/>
          <Coords points="1039,945 1095,945 1095,1011 1039,1011"/>
          <TextEquiv>
            <Unicode>de</Unicode>
          </TextEquiv>
        </Word>
        <Word id="Record3_Line2_Word5">
          <Property key="category" value="location"/>
          <Property key="person" value="wifes_father"/>
          <Coords points="1107,939 1248,939 1248,1046 1107,1046"/>
          <TextEquiv>
            <Unicode>Urgell</Unicode>
          </TextEquiv>
        </Word>
        <Word id="Record3_Line2_Word6">
          <Property key="category" value="other"/>
          <Property key="person" value="none"/>
          <Coords points="1253,953 1314,953 1314,1030 1253,1030"/>
          <TextEquiv>
            <Unicode>y</Unicode>
          </TextEquiv>
        </Word>
        <Word id="Record3_Line2_Word7">
          <Property key="category" value="other"/>
          <Property key="person" value="none"/>
          <Coords points="1318,945 1383,945 1383,1008 1318,1008"/>
          <TextEquiv>
            <Unicode>de</Unicode>
          </TextEquiv>
        </Word>
        <Word id="Record3_Line2_Word8">
          <Property key="category" value="name"/>
          <Property key="person" value="wifes_mother"/>
          <Coords points="1428,934 1484,934 1484,1006 1428,1006"/>
          <TextEquiv>
            <Unicode>t</Unicode>
          </TextEquiv>
        </Word>
        <Word id="Record3_Line2_Word9">
          <Property key="category" value="other"/>
          <Property key="person" value="none"/>
          <Coords points="1579,923 1791,923 1791,1021 1579,1021"/>
          <TextEquiv>
            <Unicode>defuncta</Unicode>
          </TextEquiv>
        </Word>
      </TextLine>
    </TextRegion>
    <TextRegion id="Record4">
      <Coords points="0,0 0,0"/>
      <TextLine id="Record4_Line0">
        <Coords points="0,0 0,0"/>
        <Word id="Record4_Line0_Word0">
          <Property key="category" value="other"/>
          <Property key="person" value="none"/>
          <Coords points="413,1053 499,1053 499,1130 413,1130"/>
          <TextEquiv>
            <Unicode>Dit</Unicode>
          </TextEquiv>
        </Word>
        <Word id="Record4_Line0_Word1">
          <Property key="category" value="other"/>
          <Property key="person" value="none"/>
          <Coords points="498,1045 590,1045 590,1122 498,1122"/>
          <TextEquiv>
            <Unicode>dia</Unicode>
          </TextEquiv>
        </Word>
        <Word id="Record4_Line0_Word2">
          <Property key="category" value="other"/>
          <Property key="person" value="none"/>
          <Coords points="595,1039 766,1039 766,1119 595,1119"/>
          <TextEquiv>
            <Unicode>rebere</Unicode>
          </TextEquiv>
        </Word>
        <Word id="Record4_Line0_Word3">
          <Property key="category" value="other"/>
          <Property key="person" value="none"/>
          <Coords points="762,1053 826,1053 826,1116 762,1116"/>
          <TextEquiv>
            <Unicode>de</Unicode>
          </TextEquiv>
        </Word>
        <Word id="Record4_Line0_Word4">
          <Property key="category" value="name"/>
          <Property key="person" value="husband"/>
          <Coords points="827,1020 955,1020 955,1116 827,1116"/>
          <TextEquiv>
            <Unicode>Pere</Unicode>
          </TextEquiv>
        </Word>
        <Word id="Record4_Line0_Word5">
          <Property key="category" value="surname"/>
          <Property key="person" value="husband"/>
          <Coords points="967,1024 1136,1024 1136,1116 967,1116"/>
          <TextEquiv>
            <Unicode>Badia</Unicode>
          </TextEquiv>
        </Word>
        <Word id="Record4_Line0_Word6">
          <Property key="category" value="occupation"/>
          <Property key="person" value="husband"/>
          <Coords points="1137,1053 1292,1053 1292,1154 1137,1154"/>
          <TextEquiv>
            <Unicode>pages</Unicode>
          </TextEquiv>
        </Word>
        <Word id="Record4_Line0_Word7">
          <Property key="category" value="other"/>
          <Property key="person" value="none"/>
          <Coords points="1288,1042 1369,1042 1369,1114 1288,1114"/>
          <TextEquiv>
            <Unicode>del</Unicode>
          </TextEquiv>
        </Word>
        <Word id="Record4_Line0_Word8">
          <Property key="category" value="location"/>
          <Property key="person" value="husband"/>
          <Coords points="1365,1058 1498,1058 1498,1152 1365,1152"/>
          <TextEquiv>
            <Unicode>regne</Unicode>
          </TextEquiv>
        </Word>
        <Word id="Record4_Line0_Word9">
          <Property key="category" value="location"/>
          <Property key="person" value="husband"/>
          <Coords points="1505,1048 1574,1048 1574,1116 1505,1116"/>
          <TextEquiv>
            <Unicode>de</Unicode>
          </TextEquiv>
        </Word>
        <Word id="Record4_Line0_Word10">
          <Property key="category" value="location"/>
          <Property key="person" value="husband"/>
          <Coords points="1568,1037 1766,1037 1766,1135 1568,1135"/>
          <TextEquiv>
            <Unicode>frança</Unicode>
          </TextEquiv>
        </Word>
        <Word id="Record4_Line0_Word11">
          <Property key="category" value="other"/>
          <Property key="person" value="none"/>
          <Coords points="1782,1024 1997,1024 1997,1108 1782,1108"/>
          <TextEquiv>
            <Unicode>habitant</Unicode>
          </TextEquiv>
        </Word>
      </TextLine>
      <TextLine id="Record4_Line1">
        <Coords points="0,0 0,0"/>
        <Word id="Record4_Line1_Word0">
          <Property key="category" value="other"/>
          <Property key="person" value="none"/>
          <Coords points="419,1170 486,1170 486,1216 419,1216"/>
          <TextEquiv>
            <Unicode>en</Unicode>
          </TextEquiv>
        </Word>
        <Word id="Record4_Line1_Word1">
          <Property key="category" value="location"/>
          <Property key="person" value="husband"/>
          <Coords points="498,1132 579,1132 579,1222 498,1222"/>
          <TextEquiv>
            <Unicode>St</Unicode>
          </TextEquiv>
        </Word>
        <Word id="Record4_Line1_Word2">
          <Property key="category" value="location"/>
          <Property key="person" value="husband"/>
          <Coords points="551,1143 661,1143 661,1254 551,1254"/>
          <TextEquiv>
            <Unicode>Iga</Unicode>
          </TextEquiv>
        </Word>
        <Word id="Record4_Line1_Word3">
          <Property key="category" value="other"/>
          <Property key="person" value="none"/>
          <Coords points="691,1137 766,1137 766,1216 691,1216"/>
          <TextEquiv>
            <Unicode>ab</Unicode>
          </TextEquiv>
        </Word>
        <Word id="Record4_Line1_Word4">
          <Property key="category" value="name"/>
          <Property key="person" value="wife"/>
          <Coords points="770,1126 966,1126 966,1214 770,1214"/>
          <TextEquiv>
            <Unicode>Eularia</Unicode>
          </TextEquiv>
        </Word>
        <Word id="Record4_Line1_Word5">
          <Property key="category" value="state"/>
          <Property key="person" value="wife"/>
          <Coords points="973,1129 1171,1129 1171,1241 973,1241"/>
          <TextEquiv>
            <Unicode>donsella</Unicode>
          </TextEquiv>
        </Word>
        <Word id="Record4_Line1_Word6">
          <Property key="category" value="other"/>
          <Property key="person" value="none"/>
          <Coords points="1165,1129 1303,1129 1303,1225 1165,1225"/>
          <TextEquiv>
            <Unicode>filla</Unicode>
          </TextEquiv>
        </Word>
        <Word id="Record4_Line1_Word7">
          <Property key="category" value="other"/>
          <Property key="person" value="none"/>
          <Coords points="1316,1132 1374,1132 1374,1198 1316,1198"/>
          <TextEquiv>
            <Unicode>de</Unicode>
          </TextEquiv>
        </Word>
        <Word id="Record4_Line1_Word8">
          <Property key="category" value="name"/>
          <Property key="person" value="wifes_father"/>
          <Coords points="1379,1124 1574,1124 1574,1233 1379,1233"/>
          <TextEquiv>
            <Unicode>Miquel</Unicode>
          </TextEquiv>
        </Word>
        <Word id="Record4_Line1_Word9">
          <Property key="category" value="surname"/>
          <Property key="person" value="wifes_father"/>
          <Coords points="1584,1113 1832,1113 1832,1225 1584,1225"/>
          <TextEquiv>
            <Unicode>Bruguera</Unicode>
          </TextEquiv>
        </Word>
        <Word id="Record4_Line1_Word10">
          <Property key="category" value="occupation"/>
          <Property key="person" value="wifes_father"/>
          <Coords points="1831,1143 2041,1143 2041,1238 1831,1238"/>
          <TextEquiv>
            <Unicode>parayre</Unicode>
          </TextEquiv>
        </Word>
      </TextLine>
      <TextLine id="Record4_Line2">
        <Coords points="0,0 0,0"/>
        <Word id="Record4_Line2_Word0">
          <Property key="category" value="other"/>
          <Property key="person" value="none"/>
          <Coords points="416,1256 483,1256 483,1322 416,1322"/>
          <TextEquiv>
            <Unicode>de</Unicode>
          </TextEquiv>
        </Word>
        <Word id="Record4_Line2_Word1">
          <Property key="category" value="location"/>
          <Property key="person" value="wifes_father"/>
          <Coords points="490,1234 692,1234 692,1314 490,1314"/>
          <TextEquiv>
            <Unicode>Sabadell</Unicode>
          </TextEquiv>
        </Word>
        <Word id="Record4_Line2_Word2">
          <Property key="category" value="other"/>
          <Property key="person" value="none"/>
          <Coords points="680,1259 752,1259 752,1339 680,1339"/>
          <TextEquiv>
            <Unicode>y</Unicode>
          </TextEquiv>
        </Word>
        <Word id="Record4_Line2_Word3">
          <Property key="category" value="other"/>
          <Property key="person" value="none"/>
          <Coords points="762,1237 826,1237 826,1314 762,1314"/>
          <TextEquiv>
            <Unicode>de</Unicode>
          </TextEquiv>
        </Word>
        <Word id="Record4_Line2_Word4">
          <Property key="category" value="name"/>
          <Property key="person" value="wifes_mother"/>
          <Coords points="836,1240 1095,1240 1095,1309 836,1309"/>
          <TextEquiv>
            <Unicode>Catherina</Unicode>
          </TextEquiv>
        </Word>
        <Word id="Record4_Line2_Word5">
          <Property key="category" value="other"/>
          <Property key="person" value="none"/>
          <Coords points="1105,1232 1325,1232 1325,1330 1105,1330"/>
          <TextEquiv>
            <Unicode>defuncta</Unicode>
          </TextEquiv>
        </Word>
      </TextLine>
    </TextRegion>
    <TextRegion id="Record5">
      <Coords points="0,0 0,0"/>
      <TextLine id="Record5_Line0">
        <Coords points="0,0 0,0"/>
        <Word id="Record5_Line0_Word0">
          <Property key="category" value="other"/>
          <Property key="person" value="none"/>
          <Coords points="411,1332 483,1332 483,1393 411,1393"/>
          <TextEquiv>
            <Unicode>Dit</Unicode>
          </TextEquiv>
        </Word>
        <Word id="Record5_Line0_Word1">
          <Property key="category" value="other"/>
          <Property key="person" value="none"/>
          <Coords points="490,1329 563,1329 563,1390 490,1390"/>
          <TextEquiv>
            <Unicode>dia</Unicode>
          </TextEquiv>
        </Word>
        <Word id="Record5_Line0_Word2">
          <Property key="category" value="other"/>
          <Property key="person" value="none"/>
          <Coords points="556,1319 700,1319 700,1390 556,1390"/>
          <TextEquiv>
            <Unicode>rebere</Unicode>
          </TextEquiv>
        </Word>
        <Word id="Record5_Line0_Word3">
          <Property key="category" value="other"/>
          <Property key="person" value="none"/>
          <Coords points="710,1327 771,1327 771,1390 710,1390"/>
          <TextEquiv>
            <Unicode>de</Unicode>
          </TextEquiv>
        </Word>
        <Word id="Record5_Line0_Word4">
          <Property key="category" value="name"/>
          <Property key="person" value="husband"/>
          <Coords points="778,1316 897,1316 897,1406 778,1406"/>
          <TextEquiv>
            <Unicode>Luys</Unicode>
          </TextEquiv>
        </Word>
        <Word id="Record5_Line0_Word5">
          <Property key="category" value="surname"/>
          <Property key="person" value="husband"/>
          <Coords points="893,1313 1062,1313 1062,1428 893,1428"/>
          <TextEquiv>
            <Unicode>Gornes</Unicode>
          </TextEquiv>
        </Word>
        <Word id="Record5_Line0_Word6">
          <Property key="category" value="occupation"/>
          <Property key="person" value="husband"/>
          <Coords points="1058,1324 1248,1324 1248,1412 1058,1412"/>
          <TextEquiv>
            <Unicode>sabater</Unicode>
          </TextEquiv>
        </Word>
        <Word id="Record5_Line0_Word7">
          <Property key="category" value="other"/>
          <Property key="person" value="none"/>
          <Coords points="1258,1324 1311,1324 1311,1387 1258,1387"/>
          <TextEquiv>
            <Unicode>de</Unicode>
          </TextEquiv>
        </Word>
        <Word id="Record5_Line0_Word8">
          <Property key="category" value="location"/>
          <Property key="person" value="husband"/>
          <Coords points="1324,1305 1522,1305 1522,1390 1324,1390"/>
          <TextEquiv>
            <Unicode>Mataro</Unicode>
          </TextEquiv>
        </Word>
        <Word id="Record5_Line0_Word9">
          <Property key="category" value="other"/>
          <Property key="person" value="none"/>
          <Coords points="1516,1302 1629,1302 1629,1401 1516,1401"/>
          <TextEquiv>
            <Unicode>fill</Unicode>
          </TextEquiv>
        </Word>
        <Word id="Record5_Line0_Word10">
          <Property key="category" value="other"/>
          <Property key="person" value="none"/>
          <Coords points="1626,1302 1690,1302 1690,1374 1626,1374"/>
          <TextEquiv>
            <Unicode>de</Unicode>
          </TextEquiv>
        </Word>
        <Word id="Record5_Line0_Word11">
          <Property key="category" value="name"/>
          <Property key="person" value="husbands_father"/>
          <Coords points="1689,1297 1832,1297 1832,1387 1689,1387"/>
          <TextEquiv>
            <Unicode>Luys</Unicode>
          </TextEquiv>
        </Word>
        <Word id="Record5_Line0_Word12">
          <Property key="category" value="surname"/>
          <Property key="person" value="husbands_father"/>
          <Coords points="1837,1297 2002,1297 2002,1406 1837,1406"/>
          <TextEquiv>
            <Unicode>Gornes</Unicode>
          </TextEquiv>
        </Word>
      </TextLine>
      <TextLine id="Record5_Line1">
        <Coords points="0,0 0,0"/>
        <Word id="Record5_Line1_Word0">
          <Property key="category" value="occupation"/>
          <Property key="person" value="husbands_father"/>
          <Coords points="408,1427 596,1427 596,1512 408,1512"/>
          <TextEquiv>
            <Unicode>sabater</Unicode>
          </TextEquiv>
        </Word>
        <Word id="Record5_Line1_Word1">
          <Property key="category" value="other"/>
          <Property key="person" value="none"/>
          <Coords points="589,1438 653,1438 653,1504 589,1504"/>
          <TextEquiv>
            <Unicode>y</Unicode>
          </TextEquiv>
        </Word>
        <Word id="Record5_Line1_Word2">
          <Property key="category" value="other"/>
          <Property key="person" value="none"/>
          <Coords points="649,1421 716,1421 716,1485 649,1485"/>
          <TextEquiv>
            <Unicode>de</Unicode>
          </TextEquiv>
        </Word>
        <Word id="Record5_Line1_Word3">
          <Property key="category" value="name"/>
          <Property key="person" value="husbands_mother"/>
          <Coords points="723,1405 897,1405 897,1512 723,1512"/>
          <TextEquiv>
            <Unicode>Antiga</Unicode>
          </TextEquiv>
        </Word>
        <Word id="Record5_Line1_Word4">
          <Property key="category" value="other"/>
          <Property key="person" value="none"/>
          <Coords points="932,1414 998,1414 998,1490 932,1490"/>
          <TextEquiv>
            <Unicode>ab</Unicode>
          </TextEquiv>
        </Word>
        <Word id="Record5_Line1_Word5">
          <Property key="category" value="name"/>
          <Property key="person" value="wife"/>
          <Coords points="1017,1405 1204,1405 1204,1490 1017,1490"/>
          <TextEquiv>
            <Unicode>Maria</Unicode>
          </TextEquiv>
        </Word>
        <Word id="Record5_Line1_Word6">
          <Property key="category" value="state"/>
          <Property key="person" value="wife"/>
          <Coords points="1206,1411 1404,1411 1404,1506 1206,1506"/>
          <TextEquiv>
            <Unicode>donsella</Unicode>
          </TextEquiv>
        </Word>
        <Word id="Record5_Line1_Word7">
          <Property key="category" value="other"/>
          <Property key="person" value="none"/>
          <Coords points="1398,1397 1542,1397 1542,1504 1398,1504"/>
          <TextEquiv>
            <Unicode>filla</Unicode>
          </TextEquiv>
        </Word>
        <Word id="Record5_Line1_Word8">
          <Property key="category" value="other"/>
          <Property key="person" value="none"/>
          <Coords points="1554,1405 1618,1405 1618,1477 1554,1477"/>
          <TextEquiv>
            <Unicode>de</Unicode>
          </TextEquiv>
        </Word>
        <Word id="Record5_Line1_Word9">
          <Property key="category" value="name"/>
          <Property key="person" value="wifes_father"/>
          <Coords points="1620,1397 1871,1397 1871,1504 1620,1504"/>
          <TextEquiv>
            <Unicode>francesch</Unicode>
          </TextEquiv>
        </Word>
        <Word id="Record5_Line1_Word10">
          <Property key="category" value="surname"/>
          <Property key="person" value="wifes_father"/>
          <Coords points="1872,1395 2049,1395 2049,1501 1872,1501"/>
          <TextEquiv>
            <Unicode>Gontes</Unicode>
          </TextEquiv>
        </Word>
      </TextLine>
      <TextLine id="Record5_Line2">
        <Coords points="0,0 0,0"/>
        <Word id="Record5_Line2_Word0">
          <Property key="category" value="occupation"/>
          <Property key="person" value="wifes_father"/>
          <Coords points="425,1514 607,1514 607,1582 425,1582"/>
          <TextEquiv>
            <Unicode>vedrier</Unicode>
          </TextEquiv>
        </Word>
        <Word id="Record5_Line2_Word1">
          <Property key="category" value="other"/>
          <Property key="person" value="none"/>
          <Coords points="611,1511 670,1511 670,1577 611,1577"/>
          <TextEquiv>
            <Unicode>de</Unicode>
          </TextEquiv>
        </Word>
        <Word id="Record5_Line2_Word2">
          <Property key="category" value="location"/>
          <Property key="person" value="wifes_father"/>
          <Coords points="682,1503 870,1503 870,1582 682,1582"/>
          <TextEquiv>
            <Unicode>Mataro</Unicode>
          </TextEquiv>
        </Word>
        <Word id="Record5_Line2_Word3">
          <Property key="category" value="other"/>
          <Property key="person" value="none"/>
          <Coords points="861,1530 922,1530 922,1599 861,1599"/>
          <TextEquiv>
            <Unicode>y</Unicode>
          </TextEquiv>
        </Word>
        <Word id="Record5_Line2_Word4">
          <Property key="category" value="other"/>
          <Property key="person" value="none"/>
          <Coords points="940,1508 1004,1508 1004,1577 940,1577"/>
          <TextEquiv>
            <Unicode>de</Unicode>
          </TextEquiv>
        </Word>
        <Word id="Record5_Line2_Word5">
          <Property key="category" value="name"/>
          <Property key="person" value="wifes_mother"/>
          <Coords points="1028,1503 1078,1503 1078,1574 1028,1574"/>
          <TextEquiv>
            <Unicode>t</Unicode>
          </TextEquiv>
        </Word>
      </TextLine>
    </TextRegion>
    <TextRegion id="Record6">
      <Coords points="0,0 0,0"/>
      <TextLine id="Record6_Line0">
        <Coords points="0,0 0,0"/>
        <Word id="Record6_Line0_Word0">
          <Property key="category" value="other"/>
          <Property key="person" value="none"/>
          <Coords points="413,1603 568,1603 568,1707 413,1707"/>
          <TextEquiv>
            <Unicode>Dijous</Unicode>
          </TextEquiv>
        </Word>
        <Word id="Record6_Line0_Word1">
          <Property key="category" value="other"/>
          <Property key="person" value="none"/>
          <Coords points="575,1611 638,1611 638,1680 575,1680"/>
          <TextEquiv>
            <Unicode>a</Unicode>
          </TextEquiv>
        </Word>
        <Word id="Record6_Line0_Word2">
          <Property key="category" value="other"/>
          <Property key="person" value="none"/>
          <Coords points="648,1609 723,1609 723,1688 648,1688"/>
          <TextEquiv>
            <Unicode>19</Unicode>
          </TextEquiv>
        </Word>
        <Word id="Record6_Line0_Word3">
          <Property key="category" value="other"/>
          <Property key="person" value="none"/>
          <Coords points="714,1594 873,1594 873,1686 714,1686"/>
          <TextEquiv>
            <Unicode>rebere</Unicode>
          </TextEquiv>
        </Word>
        <Word id="Record6_Line0_Word4">
          <Property key="category" value="other"/>
          <Property key="person" value="none"/>
          <Coords points="889,1594 956,1594 956,1671 889,1671"/>
          <TextEquiv>
            <Unicode>de</Unicode>
          </TextEquiv>
        </Word>
        <Word id="Record6_Line0_Word5">
          <Property key="category" value="name"/>
          <Property key="person" value="husband"/>
          <Coords points="959,1592 1202,1592 1202,1672 959,1672"/>
          <TextEquiv>
            <Unicode>Salvador</Unicode>
          </TextEquiv>
        </Word>
        <Word id="Record6_Line0_Word6">
          <Property key="category" value="surname"/>
          <Property key="person" value="husband"/>
          <Coords points="1216,1601 1365,1601 1365,1665 1216,1665"/>
          <TextEquiv>
            <Unicode>#</Unicode>
          </TextEquiv>
        </Word>
        <Word id="Record6_Line0_Word7">
          <Property key="category" value="surname"/>
          <Property key="person" value="husband"/>
          <Coords points="1257,1539 1367,1539 1367,1618 1257,1618"/>
          <TextEquiv>
            <Unicode>Joli</Unicode>
          </TextEquiv>
        </Word>
        <Word id="Record6_Line0_Word8">
          <Property key="category" value="occupation"/>
          <Property key="person" value="husband"/>
          <Coords points="1362,1573 1577,1573 1577,1682 1362,1682"/>
          <TextEquiv>
            <Unicode>sabater</Unicode>
          </TextEquiv>
        </Word>
        <Word id="Record6_Line0_Word9">
          <Property key="category" value="other"/>
          <Property key="person" value="none"/>
          <Coords points="1576,1582 1647,1582 1647,1654 1576,1654"/>
          <TextEquiv>
            <Unicode>de</Unicode>
          </TextEquiv>
        </Word>
        <Word id="Record6_Line0_Word10">
          <Property key="category" value="location"/>
          <Property key="person" value="husband"/>
          <Coords points="1655,1548 1852,1548 1852,1650 1655,1650"/>
          <TextEquiv>
            <Unicode>Bellver</Unicode>
          </TextEquiv>
        </Word>
        <Word id="Record6_Line0_Word11">
          <Property key="category" value="location"/>
          <Property key="person" value="husband"/>
          <Coords points="1869,1556 2026,1556 2026,1669 1869,1669"/>
          <TextEquiv>
            <Unicode>bisbat</Unicode>
          </TextEquiv>
        </Word>
      </TextLine>
      <TextLine id="Record6_Line1">
        <Coords points="0,0 0,0"/>
        <Word id="Record6_Line1_Word0">
          <Property key="category" value="location"/>
          <Property key="person" value="husband"/>
          <Coords points="427,1706 480,1706 480,1775 427,1775"/>
          <TextEquiv>
            <Unicode>de</Unicode>
          </TextEquiv>
        </Word>
        <Word id="Record6_Line1_Word1">
          <Property key="category" value="location"/>
          <Property key="person" value="husband"/>
          <Coords points="479,1692 620,1692 620,1802 479,1802"/>
          <TextEquiv>
            <Unicode>Urgell</Unicode>
          </TextEquiv>
        </Word>
        <Word id="Record6_Line1_Word2">
          <Property key="category" value="other"/>
          <Property key="person" value="none"/>
          <Coords points="630,1692 848,1692 848,1761 630,1761"/>
          <TextEquiv>
            <Unicode>habitant</Unicode>
          </TextEquiv>
        </Word>
        <Word id="Record6_Line1_Word3">
          <Property key="category" value="other"/>
          <Property key="person" value="none"/>
          <Coords points="847,1711 922,1711 922,1761 847,1761"/>
          <TextEquiv>
            <Unicode>en</Unicode>
          </TextEquiv>
        </Word>
        <Word id="Record6_Line1_Word4">
          <Property key="category" value="location"/>
          <Property key="person" value="husband"/>
          <Coords points="929,1665 1084,1665 1084,1780 929,1780"/>
          <TextEquiv>
            <Unicode>Bara</Unicode>
          </TextEquiv>
        </Word>
        <Word id="Record6_Line1_Word5">
          <Property key="category" value="other"/>
          <Property key="person" value="none"/>
          <Coords points="1069,1692 1185,1692 1185,1783 1069,1783"/>
          <TextEquiv>
            <Unicode>fill</Unicode>
          </TextEquiv>
        </Word>
        <Word id="Record6_Line1_Word6">
          <Property key="category" value="other"/>
          <Property key="person" value="none"/>
          <Coords points="1195,1684 1254,1684 1254,1756 1195,1756"/>
          <TextEquiv>
            <Unicode>de</Unicode>
          </TextEquiv>
        </Word>
        <Word id="Record6_Line1_Word7">
          <Property key="category" value="name"/>
          <Property key="person" value="husbands_father"/>
          <Coords points="1250,1684 1396,1684 1396,1783 1250,1783"/>
          <TextEquiv>
            <Unicode>Juan</Unicode>
          </TextEquiv>
        </Word>
        <Word id="Record6_Line1_Word8">
          <Property key="category" value="surname"/>
          <Property key="person" value="husbands_father"/>
          <Coords points="1398,1676 1532,1676 1532,1785 1398,1785"/>
          <TextEquiv>
            <Unicode>Joli</Unicode>
          </TextEquiv>
        </Word>
        <Word id="Record6_Line1_Word9">
          <Property key="category" value="occupation"/>
          <Property key="person" value="husbands_father"/>
          <Coords points="1532,1676 1695,1676 1695,1745 1532,1745"/>
          <TextEquiv>
            <Unicode>texidor</Unicode>
          </TextEquiv>
        </Word>
        <Word id="Record6_Line1_Word10">
          <Property key="category" value="occupation"/>
          <Property key="person" value="husbands_father"/>
          <Coords points="1708,1671 1764,1671 1764,1739 1708,1739"/>
          <TextEquiv>
            <Unicode>de</Unicode>
          </TextEquiv>
        </Word>
        <Word id="Record6_Line1_Word11">
          <Property key="category" value="occupation"/>
          <Property key="person" value="husbands_father"/>
          <Coords points="1777,1660 1843,1660 1843,1739 1777,1739"/>
          <TextEquiv>
            <Unicode>lli</Unicode>
          </TextEquiv>
        </Word>
        <Word id="Record6_Line1_Word12">
          <Property key="category" value="other"/>
          <Property key="person" value="none"/>
          <Coords points="1856,1665 1961,1665 1961,1745 1856,1745"/>
          <TextEquiv>
            <Unicode>de</Unicode>
          </TextEquiv>
        </Word>
      </TextLine>
      <TextLine id="Record6_Line2">
        <Coords points="0,0 0,0"/>
        <Word id="Record6_Line2_Word0">
          <Property key="category" value="location"/>
          <Property key="person" value="husbands_father"/>
          <Coords points="433,1787 587,1787 587,1886 433,1886"/>
          <TextEquiv>
            <Unicode>Lleyda</Unicode>
          </TextEquiv>
        </Word>
        <Word id="Record6_Line2_Word1">
          <Property key="category" value="other"/>
          <Property key="person" value="none"/>
          <Coords points="595,1804 658,1804 658,1886 595,1886"/>
          <TextEquiv>
            <Unicode>y</Unicode>
          </TextEquiv>
        </Word>
        <Word id="Record6_Line2_Word2">
          <Property key="category" value="other"/>
          <Property key="person" value="none"/>
          <Coords points="669,1793 733,1793 733,1858 669,1858"/>
          <TextEquiv>
            <Unicode>de</Unicode>
          </TextEquiv>
        </Word>
        <Word id="Record6_Line2_Word3">
          <Property key="category" value="name"/>
          <Property key="person" value="husbands_mother"/>
          <Coords points="745,1768 966,1768 966,1861 745,1861"/>
          <TextEquiv>
            <Unicode>Antonia</Unicode>
          </TextEquiv>
        </Word>
        <Word id="Record6_Line2_Word4">
          <Property key="category" value="other"/>
          <Property key="person" value="none"/>
          <Coords points="989,1785 1202,1785 1202,1886 989,1886"/>
          <TextEquiv>
            <Unicode>defuncta</Unicode>
          </TextEquiv>
        </Word>
        <Word id="Record6_Line2_Word5">
          <Property key="category" value="other"/>
          <Property key="person" value="none"/>
          <Coords points="1222,1776 1295,1776 1295,1856 1222,1856"/>
          <TextEquiv>
            <Unicode>ab</Unicode>
          </TextEquiv>
        </Word>
        <Word id="Record6_Line2_Word6">
          <Property key="category" value="name"/>
          <Property key="person" value="wife"/>
          <Coords points="1291,1768 1465,1768 1465,1856 1291,1856"/>
          <TextEquiv>
            <Unicode>Anna</Unicode>
          </TextEquiv>
        </Word>
        <Word id="Record6_Line2_Word7">
          <Property key="category" value="state"/>
          <Property key="person" value="wife"/>
          <Coords points="1472,1774 1676,1774 1676,1877 1472,1877"/>
          <TextEquiv>
            <Unicode>donsella</Unicode>
          </TextEquiv>
        </Word>
        <Word id="Record6_Line2_Word8">
          <Property key="category" value="other"/>
          <Property key="person" value="none"/>
          <Coords points="1667,1760 1818,1760 1818,1869 1667,1869"/>
          <TextEquiv>
            <Unicode>filla</Unicode>
          </TextEquiv>
        </Word>
        <Word id="Record6_Line2_Word9">
          <Property key="category" value="other"/>
          <Property key="person" value="none"/>
          <Coords points="1831,1755 1948,1755 1948,1839 1831,1839"/>
          <TextEquiv>
            <Unicode>de</Unicode>
          </TextEquiv>
        </Word>
      </TextLine>
      <TextLine id="Record6_Line3">
        <Coords points="0,0 0,0"/>
        <Word id="Record6_Line3_Word0">
          <Property key="category" value="name"/>
          <Property key="person" value="wifes_father"/>
          <Coords points="425,1866 626,1866 626,1991 425,1991"/>
          <TextEquiv>
            <Unicode>Raphel</Unicode>
          </TextEquiv>
        </Word>
        <Word id="Record6_Line3_Word1">
          <Property key="category" value="surname"/>
          <Property key="person" value="wifes_father"/>
          <Coords points="641,1874 840,1874 840,1953 641,1953"/>
          <TextEquiv>
            <Unicode>Aliana</Unicode>
          </TextEquiv>
        </Word>
        <Word id="Record6_Line3_Word2">
          <Property key="category" value="occupation"/>
          <Property key="person" value="wifes_father"/>
          <Coords points="855,1874 1032,1874 1032,1953 855,1953"/>
          <TextEquiv>
            <Unicode>sabater</Unicode>
          </TextEquiv>
        </Word>
        <Word id="Record6_Line3_Word3">
          <Property key="category" value="other"/>
          <Property key="person" value="none"/>
          <Coords points="1011,1893 1086,1893 1086,1970 1011,1970"/>
          <TextEquiv>
            <Unicode>y</Unicode>
          </TextEquiv>
        </Word>
        <Word id="Record6_Line3_Word4">
          <Property key="category" value="other"/>
          <Property key="person" value="none"/>
          <Coords points="1085,1885 1155,1885 1155,1953 1085,1953"/>
          <TextEquiv>
            <Unicode>de</Unicode>
          </TextEquiv>
        </Word>
        <Word id="Record6_Line3_Word5">
          <Property key="category" value="name"/>
          <Property key="person" value="wifes_mother"/>
          <Coords points="1162,1863 1380,1863 1380,1981 1162,1981"/>
          <TextEquiv>
            <Unicode>Elisabeth</Unicode>
          </TextEquiv>
        </Word>
      </TextLine>
    </TextRegion>
    <TextRegion id="Record7">
      <Coords points="0,0 0,0"/>
      <TextLine id="Record7_Line0">
        <Coords points="0,0 0,0"/>
        <Word id="Record7_Line0_Word0">
          <Property key="category" value="other"/>
          <Property key="person" value="none"/>
          <Coords points="425,1982 494,1982 494,2048 425,2048"/>
          <TextEquiv>
            <Unicode>Dit</Unicode>
          </TextEquiv>
        </Word>
        <Word id="Record7_Line0_Word1">
          <Property key="category" value="other"/>
          <Property key="person" value="none"/>
          <Coords points="507,1980 573,1980 573,2043 507,2043"/>
          <TextEquiv>
            <Unicode>dia</Unicode>
          </TextEquiv>
        </Word>
        <Word id="Record7_Line0_Word2">
          <Property key="category" value="other"/>
          <Property key="person" value="none"/>
          <Coords points="581,1966 722,1966 722,2040 581,2040"/>
          <TextEquiv>
            <Unicode>rebere</Unicode>
          </TextEquiv>
        </Word>
        <Word id="Record7_Line0_Word3">
          <Property key="category" value="other"/>
          <Property key="person" value="none"/>
          <Coords points="734,1971 785,1971 785,2037 734,2037"/>
          <TextEquiv>
            <Unicode>de</Unicode>
          </TextEquiv>
        </Word>
        <Word id="Record7_Line0_Word4">
          <Property key="category" value="name"/>
          <Property key="person" value="husband"/>
          <Coords points="789,1958 966,1958 966,2070 789,2070"/>
          <TextEquiv>
            <Unicode>Raphel</Unicode>
          </TextEquiv>
        </Word>
        <Word id="Record7_Line0_Word5">
          <Property key="category" value="surname"/>
          <Property key="person" value="husband"/>
          <Coords points="981,1961 1119,1961 1119,2037 981,2037"/>
          <TextEquiv>
            <Unicode>Marti</Unicode>
          </TextEquiv>
        </Word>
        <Word id="Record7_Line0_Word6">
          <Property key="category" value="occupation"/>
          <Property key="person" value="husband"/>
          <Coords points="1127,1980 1251,1980 1251,2067 1127,2067"/>
          <TextEquiv>
            <Unicode>pages</Unicode>
          </TextEquiv>
        </Word>
        <Word id="Record7_Line0_Word7">
          <Property key="category" value="other"/>
          <Property key="person" value="none"/>
          <Coords points="1258,1966 1317,1966 1317,2029 1258,2029"/>
          <TextEquiv>
            <Unicode>de</Unicode>
          </TextEquiv>
        </Word>
        <Word id="Record7_Line0_Word8">
          <Property key="category" value="location"/>
          <Property key="person" value="husband"/>
          <Coords points="1332,1936 1413,1936 1413,2021 1332,2021"/>
          <TextEquiv>
            <Unicode>St</Unicode>
          </TextEquiv>
        </Word>
        <Word id="Record7_Line0_Word9">
          <Property key="category" value="location"/>
          <Property key="person" value="husband"/>
          <Coords points="1406,1939 1558,1939 1558,2013 1406,2013"/>
          <TextEquiv>
            <Unicode>Vicens</Unicode>
          </TextEquiv>
        </Word>
        <Word id="Record7_Line0_Word10">
          <Property key="category" value="location"/>
          <Property key="person" value="husband"/>
          <Coords points="1557,1933 1651,1933 1651,2005 1557,2005"/>
          <TextEquiv>
            <Unicode>dels</Unicode>
          </TextEquiv>
        </Word>
        <Word id="Record7_Line0_Word11">
          <Property key="category" value="location"/>
          <Property key="person" value="husband"/>
          <Coords points="1658,1928 1786,1928 1786,2005 1658,2005"/>
          <TextEquiv>
            <Unicode>horts</Unicode>
          </TextEquiv>
        </Word>
        <Word id="Record7_Line0_Word12">
          <Property key="category" value="other"/>
          <Property key="person" value="none"/>
          <Coords points="1765,1933 1873,1933 1873,2024 1765,2024"/>
          <TextEquiv>
            <Unicode>fill</Unicode>
          </TextEquiv>
        </Word>
        <Word id="Record7_Line0_Word13">
          <Property key="category" value="other"/>
          <Property key="person" value="none"/>
          <Coords points="1875,1936 1931,1936 1931,1994 1875,1994"/>
          <TextEquiv>
            <Unicode>de</Unicode>
          </TextEquiv>
        </Word>
        <Word id="Record7_Line0_Word14">
          <Property key="category" value="name"/>
          <Property key="person" value="husbands_father"/>
          <Coords points="1900,1923 2021,1923 2021,2026 1900,2026"/>
          <TextEquiv>
            <Unicode>Jua</Unicode>
          </TextEquiv>
        </Word>
      </TextLine>
      <TextLine id="Record7_Line1">
        <Coords points="0,0 0,0"/>
        <Word id="Record7_Line1_Word0">
          <Property key="category" value="surname"/>
          <Property key="person" value="husbands_father"/>
          <Coords points="422,2055 576,2055 576,2135 422,2135"/>
          <TextEquiv>
            <Unicode>Marti</Unicode>
          </TextEquiv>
        </Word>
        <Word id="Record7_Line1_Word1">
          <Property key="category" value="occupation"/>
          <Property key="person" value="husbands_father"/>
          <Coords points="572,2074 705,2074 705,2159 572,2159"/>
          <TextEquiv>
            <Unicode>pages</Unicode>
          </TextEquiv>
        </Word>
        <Word id="Record7_Line1_Word2">
          <Property key="category" value="other"/>
          <Property key="person" value="none"/>
          <Coords points="696,2080 757,2080 757,2146 696,2146"/>
          <TextEquiv>
            <Unicode>y</Unicode>
          </TextEquiv>
        </Word>
        <Word id="Record7_Line1_Word3">
          <Property key="category" value="other"/>
          <Property key="person" value="none"/>
          <Coords points="756,2066 815,2066 815,2132 756,2132"/>
          <TextEquiv>
            <Unicode>de</Unicode>
          </TextEquiv>
        </Word>
        <Word id="Record7_Line1_Word4">
          <Property key="category" value="name"/>
          <Property key="person" value="husbands_mother"/>
          <Coords points="827,2055 1095,2055 1095,2165 827,2165"/>
          <TextEquiv>
            <Unicode>Magdalena</Unicode>
          </TextEquiv>
        </Word>
        <Word id="Record7_Line1_Word5">
          <Property key="category" value="other"/>
          <Property key="person" value="none"/>
          <Coords points="1110,2061 1308,2061 1308,2154 1110,2154"/>
          <TextEquiv>
            <Unicode>defuncts</Unicode>
          </TextEquiv>
        </Word>
        <Word id="Record7_Line1_Word6">
          <Property key="category" value="other"/>
          <Property key="person" value="none"/>
          <Coords points="1338,2044 1415,2044 1415,2116 1338,2116"/>
          <TextEquiv>
            <Unicode>ab</Unicode>
          </TextEquiv>
        </Word>
        <Word id="Record7_Line1_Word7">
          <Property key="category" value="name"/>
          <Property key="person" value="wife"/>
          <Coords points="1417,2028 1566,2028 1566,2113 1417,2113"/>
          <TextEquiv>
            <Unicode>Anna</Unicode>
          </TextEquiv>
        </Word>
        <Word id="Record7_Line1_Word8">
          <Property key="category" value="state"/>
          <Property key="person" value="wife"/>
          <Coords points="1568,2034 1755,2034 1755,2135 1568,2135"/>
          <TextEquiv>
            <Unicode>donsella</Unicode>
          </TextEquiv>
        </Word>
        <Word id="Record7_Line1_Word9">
          <Property key="category" value="other"/>
          <Property key="person" value="none"/>
          <Coords points="1752,2028 1879,2028 1879,2124 1752,2124"/>
          <TextEquiv>
            <Unicode>filla</Unicode>
          </TextEquiv>
        </Word>
        <Word id="Record7_Line1_Word10">
          <Property key="category" value="other"/>
          <Property key="person" value="none"/>
          <Coords points="1889,2023 1964,2023 1964,2100 1889,2100"/>
          <TextEquiv>
            <Unicode>de</Unicode>
          </TextEquiv>
        </Word>
      </TextLine>
      <TextLine id="Record7_Line2">
        <Coords points="0,0 0,0"/>
        <Word id="Record7_Line2_Word0">
          <Property key="category" value="name"/>
          <Property key="person" value="wifes_father"/>
          <Coords points="405,2158 642,2158 642,2265 405,2265"/>
          <TextEquiv>
            <Unicode>francesch</Unicode>
          </TextEquiv>
        </Word>
        <Word id="Record7_Line2_Word1">
          <Property key="category" value="surname"/>
          <Property key="person" value="wifes_father"/>
          <Coords points="649,2139 804,2139 804,2227 649,2227"/>
          <TextEquiv>
            <Unicode>Ribes</Unicode>
          </TextEquiv>
        </Word>
        <Word id="Record7_Line2_Word2">
          <Property key="category" value="occupation"/>
          <Property key="person" value="wifes_father"/>
          <Coords points="776,2164 941,2164 941,2262 776,2262"/>
          <TextEquiv>
            <Unicode>sastre</Unicode>
          </TextEquiv>
        </Word>
        <Word id="Record7_Line2_Word3">
          <Property key="category" value="other"/>
          <Property key="person" value="none"/>
          <Coords points="965,2153 1018,2153 1018,2222 965,2222"/>
          <TextEquiv>
            <Unicode>de</Unicode>
          </TextEquiv>
        </Word>
        <Word id="Record7_Line2_Word4">
          <Property key="category" value="location"/>
          <Property key="person" value="wifes_father"/>
          <Coords points="1014,2126 1166,2126 1166,2219 1014,2219"/>
          <TextEquiv>
            <Unicode>Piera</Unicode>
          </TextEquiv>
        </Word>
        <Word id="Record7_Line2_Word5">
          <Property key="category" value="other"/>
          <Property key="person" value="none"/>
          <Coords points="1151,2172 1221,2172 1221,2233 1151,2233"/>
          <TextEquiv>
            <Unicode>y</Unicode>
          </TextEquiv>
        </Word>
        <Word id="Record7_Line2_Word6">
          <Property key="category" value="other"/>
          <Property key="person" value="none"/>
          <Coords points="1220,2145 1281,2145 1281,2208 1220,2208"/>
          <TextEquiv>
            <Unicode>de</Unicode>
          </TextEquiv>
        </Word>
        <Word id="Record7_Line2_Word7">
          <Property key="category" value="name"/>
          <Property key="person" value="wifes_mother"/>
          <Coords points="1291,2134 1574,2134 1574,2246 1291,2246"/>
          <TextEquiv>
            <Unicode>Margarida</Unicode>
          </TextEquiv>
        </Word>
        <Word id="Record7_Line2_Word8">
          <Property key="category" value="other"/>
          <Property key="person" value="none"/>
          <Coords points="1584,2123 1794,2123 1794,2230 1584,2230"/>
          <TextEquiv>
            <Unicode>defuncts</Unicode>
          </TextEquiv>
        </Word>
      </TextLine>
    </TextRegion>
    <TextRegion id="Record8">
      <Coords points="0,0 0,0"/>
      <TextLine id="Record8_Line0">
        <Coords points="0,0 0,0"/>
        <Word id="Record8_Line0_Word0">
          <Property key="category" value="other"/>
          <Property key="person" value="none"/>
          <Coords points="411,2269 497,2269 497,2343 411,2343"/>
          <TextEquiv>
            <Unicode>Dit</Unicode>
          </TextEquiv>
        </Word>
        <Word id="Record8_Line0_Word1">
          <Property key="category" value="other"/>
          <Property key="person" value="none"/>
          <Coords points="498,2264 579,2264 579,2335 498,2335"/>
          <TextEquiv>
            <Unicode>dia</Unicode>
          </TextEquiv>
        </Word>
        <Word id="Record8_Line0_Word2">
          <Property key="category" value="other"/>
          <Property key="person" value="none"/>
          <Coords points="583,2253 743,2253 743,2341 583,2341"/>
          <TextEquiv>
            <Unicode>rebere</Unicode>
          </TextEquiv>
        </Word>
        <Word id="Record8_Line0_Word3">
          <Property key="category" value="other"/>
          <Property key="person" value="none"/>
          <Coords points="751,2266 807,2266 807,2327 751,2327"/>
          <TextEquiv>
            <Unicode>de</Unicode>
          </TextEquiv>
        </Word>
        <Word id="Record8_Line0_Word4">
          <Property key="category" value="name"/>
          <Property key="person" value="husband"/>
          <Coords points="830,2242 993,2242 993,2362 830,2362"/>
          <TextEquiv>
            <Unicode>Llatser</Unicode>
          </TextEquiv>
        </Word>
        <Word id="Record8_Line0_Word5">
          <Property key="category" value="surname"/>
          <Property key="person" value="husband"/>
          <Coords points="1014,2221 1223,2221 1223,2319 1014,2319"/>
          <TextEquiv>
            <Unicode>Barcelo</Unicode>
          </TextEquiv>
        </Word>
        <Word id="Record8_Line0_Word6">
          <Property key="category" value="occupation"/>
          <Property key="person" value="husband"/>
          <Coords points="1231,2250 1383,2250 1383,2314 1231,2314"/>
          <TextEquiv>
            <Unicode>torner</Unicode>
          </TextEquiv>
        </Word>
        <Word id="Record8_Line0_Word7">
          <Property key="category" value="other"/>
          <Property key="person" value="none"/>
          <Coords points="1392,2245 1457,2245 1457,2316 1392,2316"/>
          <TextEquiv>
            <Unicode>de</Unicode>
          </TextEquiv>
        </Word>
        <Word id="Record8_Line0_Word8">
          <Property key="category" value="location"/>
          <Property key="person" value="husband"/>
          <Coords points="1453,2213 1602,2213 1602,2330 1453,2330"/>
          <TextEquiv>
            <Unicode>Bara</Unicode>
          </TextEquiv>
        </Word>
        <Word id="Record8_Line0_Word9">
          <Property key="category" value="state"/>
          <Property key="person" value="husband"/>
          <Coords points="1595,2223 1736,2223 1736,2300 1595,2300"/>
          <TextEquiv>
            <Unicode>viudo</Unicode>
          </TextEquiv>
        </Word>
        <Word id="Record8_Line0_Word10">
          <Property key="category" value="other"/>
          <Property key="person" value="none"/>
          <Coords points="1743,2218 1813,2218 1813,2292 1743,2292"/>
          <TextEquiv>
            <Unicode>ab</Unicode>
          </TextEquiv>
        </Word>
        <Word id="Record8_Line0_Word11">
          <Property key="category" value="name"/>
          <Property key="person" value="wife"/>
          <Coords points="1820,2204 1988,2204 1988,2319 1820,2319"/>
          <TextEquiv>
            <Unicode>Marga=</Unicode>
          </TextEquiv>
        </Word>
      </TextLine>
      <TextLine id="Record8_Line1">
        <Coords points="0,0 0,0"/>
        <Word id="Record8_Line1_Word0">
          <Property key="category" value="name"/>
          <Property key="person" value="wife"/>
          <Coords points="422,2359 533,2359 533,2428 422,2428"/>
          <TextEquiv>
            <Unicode>rida</Unicode>
          </TextEquiv>
        </Word>
        <Word id="Record8_Line1_Word1">
          <Property key="category" value="state"/>
          <Property key="person" value="wife"/>
          <Coords points="545,2353 697,2353 697,2425 545,2425"/>
          <TextEquiv>
            <Unicode>viuda</Unicode>
          </TextEquiv>
        </Word>
        <Word id="Record8_Line1_Word2">
          <Property key="category" value="other"/>
          <Property key="person" value="none"/>
          <Coords points="710,2353 771,2353 771,2422 710,2422"/>
          <TextEquiv>
            <Unicode>de</Unicode>
          </TextEquiv>
        </Word>
        <Word id="Record8_Line1_Word3">
          <Property key="category" value="name"/>
          <Property key="person" value="other_person"/>
          <Coords points="778,2351 947,2351 947,2460 778,2460"/>
          <TextEquiv>
            <Unicode>jaume</Unicode>
          </TextEquiv>
        </Word>
        <Word id="Record8_Line1_Word4">
          <Property key="category" value="surname"/>
          <Property key="person" value="other_person"/>
          <Coords points="962,2315 1185,2315 1185,2417 962,2417"/>
          <TextEquiv>
            <Unicode>Badorch</Unicode>
          </TextEquiv>
        </Word>
        <Word id="Record8_Line1_Word5">
          <Property key="category" value="surname"/>
          <Property key="person" value="other_person"/>
          <Coords points="1192,2321 1289,2321 1289,2409 1192,2409"/>
          <TextEquiv>
            <Unicode>als</Unicode>
          </TextEquiv>
        </Word>
        <Word id="Record8_Line1_Word6">
          <Property key="category" value="surname"/>
          <Property key="person" value="other_person"/>
          <Coords points="1305,2326 1462,2326 1462,2409 1305,2409"/>
          <TextEquiv>
            <Unicode>Soler</Unicode>
          </TextEquiv>
        </Word>
        <Word id="Record8_Line1_Word7">
          <Property key="category" value="occupation"/>
          <Property key="person" value="wife"/>
          <Coords points="1450,2351 1599,2351 1599,2446 1450,2446"/>
          <TextEquiv>
            <Unicode>pages</Unicode>
          </TextEquiv>
        </Word>
        <Word id="Record8_Line1_Word8">
          <Property key="category" value="other"/>
          <Property key="person" value="none"/>
          <Coords points="1609,2326 1670,2326 1670,2400 1609,2400"/>
          <TextEquiv>
            <Unicode>de</Unicode>
          </TextEquiv>
        </Word>
        <Word id="Record8_Line1_Word9">
          <Property key="category" value="location"/>
          <Property key="person" value="wife"/>
          <Coords points="1697,2288 1871,2288 1871,2428 1697,2428"/>
          <TextEquiv>
            <Unicode>Bara</Unicode>
          </TextEquiv>
        </Word>
      </TextLine>
    </TextRegion>
    <TextRegion id="Record9">
      <Coords points="0,0 0,0"/>
      <TextLine id="Record9_Line0">
        <Coords points="0,0 0,0"/>
        <Word id="Record9_Line0_Word0">
          <Property key="category" value="other"/>
          <Property key="person" value="none"/>
          <Coords points="417,2452 632,2452 632,2526 417,2526"/>
          <TextEquiv>
            <Unicode>Divendres</Unicode>
          </TextEquiv>
        </Word>
        <Word id="Record9_Line0_Word1">
          <Property key="category" value="other"/>
          <Property key="person" value="none"/>
          <Coords points="648,2472 701,2472 701,2514 648,2514"/>
          <TextEquiv>
            <Unicode>a</Unicode>
          </TextEquiv>
        </Word>
        <Word id="Record9_Line0_Word2">
          <Property key="category" value="other"/>
          <Property key="person" value="none"/>
          <Coords points="686,2461 771,2461 771,2509 686,2509"/>
          <TextEquiv>
            <Unicode>20</Unicode>
          </TextEquiv>
        </Word>
        <Word id="Record9_Line0_Word3">
          <Property key="category" value="other"/>
          <Property key="person" value="none"/>
          <Coords points="770,2438 915,2438 915,2509 770,2509"/>
          <TextEquiv>
            <Unicode>rebere</Unicode>
          </TextEquiv>
        </Word>
        <Word id="Record9_Line0_Word4">
          <Property key="category" value="other"/>
          <Property key="person" value="none"/>
          <Coords points="933,2444 980,2444 980,2513 933,2513"/>
          <TextEquiv>
            <Unicode>de</Unicode>
          </TextEquiv>
        </Word>
        <Word id="Record9_Line0_Word5">
          <Property key="category" value="name"/>
          <Property key="person" value="husband"/>
          <Coords points="994,2452 1152,2452 1152,2537 994,2537"/>
          <TextEquiv>
            <Unicode>jaume</Unicode>
          </TextEquiv>
        </Word>
        <Word id="Record9_Line0_Word6">
          <Property key="category" value="surname"/>
          <Property key="person" value="husband"/>
          <Coords points="1174,2414 1413,2414 1413,2539 1174,2539"/>
          <TextEquiv>
            <Unicode>Bugadell</Unicode>
          </TextEquiv>
        </Word>
        <Word id="Record9_Line0_Word7">
          <Property key="category" value="occupation"/>
          <Property key="person" value="husband"/>
          <Coords points="1412,2448 1550,2448 1550,2541 1412,2541"/>
          <TextEquiv>
            <Unicode>pages</Unicode>
          </TextEquiv>
        </Word>
        <Word id="Record9_Line0_Word8">
          <Property key="category" value="other"/>
          <Property key="person" value="none"/>
          <Coords points="1566,2430 1630,2430 1630,2497 1566,2497"/>
          <TextEquiv>
            <Unicode>del</Unicode>
          </TextEquiv>
        </Word>
        <Word id="Record9_Line0_Word9">
          <Property key="category" value="location"/>
          <Property key="person" value="husband"/>
          <Coords points="1643,2408 1812,2408 1812,2533 1643,2533"/>
          <TextEquiv>
            <Unicode>Papiol</Unicode>
          </TextEquiv>
        </Word>
        <Word id="Record9_Line0_Word10">
          <Property key="category" value="other"/>
          <Property key="person" value="none"/>
          <Coords points="1810,2425 1906,2425 1906,2516 1810,2516"/>
          <TextEquiv>
            <Unicode>fill</Unicode>
          </TextEquiv>
        </Word>
        <Word id="Record9_Line0_Word11">
          <Property key="category" value="other"/>
          <Property key="person" value="none"/>
          <Coords points="1912,2425 1980,2425 1980,2486 1912,2486"/>
          <TextEquiv>
            <Unicode>de</Unicode>
          </TextEquiv>
        </Word>
      </TextLine>
      <TextLine id="Record9_Line1">
        <Coords points="0,0 0,0"/>
        <Word id="Record9_Line1_Word0">
          <Property key="category" value="name"/>
          <Property key="person" value="husbands_father"/>
          <Coords points="417,2524 554,2524 554,2605 417,2605"/>
          <TextEquiv>
            <Unicode>Perot</Unicode>
          </TextEquiv>
        </Word>
        <Word id="Record9_Line1_Word1">
          <Property key="category" value="surname"/>
          <Property key="person" value="husbands_father"/>
          <Coords points="574,2517 788,2517 788,2634 574,2634"/>
          <TextEquiv>
            <Unicode>Bugadell</Unicode>
          </TextEquiv>
        </Word>
        <Word id="Record9_Line1_Word2">
          <Property key="category" value="occupation"/>
          <Property key="person" value="husbands_father"/>
          <Coords points="800,2556 934,2556 934,2645 800,2645"/>
          <TextEquiv>
            <Unicode>pages</Unicode>
          </TextEquiv>
        </Word>
        <Word id="Record9_Line1_Word3">
          <Property key="category" value="other"/>
          <Property key="person" value="none"/>
          <Coords points="946,2562 988,2562 988,2642 946,2642"/>
          <TextEquiv>
            <Unicode>y</Unicode>
          </TextEquiv>
        </Word>
        <Word id="Record9_Line1_Word4">
          <Property key="category" value="other"/>
          <Property key="person" value="none"/>
          <Coords points="989,2543 1048,2543 1048,2609 989,2609"/>
          <TextEquiv>
            <Unicode>de</Unicode>
          </TextEquiv>
        </Word>
        <Word id="Record9_Line1_Word5">
          <Property key="category" value="name"/>
          <Property key="person" value="husbands_mother"/>
          <Coords points="1066,2516 1251,2516 1251,2614 1066,2614"/>
          <TextEquiv>
            <Unicode>Elienor</Unicode>
          </TextEquiv>
        </Word>
        <Word id="Record9_Line1_Word6">
          <Property key="category" value="other"/>
          <Property key="person" value="none"/>
          <Coords points="1253,2529 1468,2529 1468,2633 1253,2633"/>
          <TextEquiv>
            <Unicode>defuncts</Unicode>
          </TextEquiv>
        </Word>
        <Word id="Record9_Line1_Word7">
          <Property key="category" value="other"/>
          <Property key="person" value="none"/>
          <Coords points="1491,2527 1569,2527 1569,2598 1491,2598"/>
          <TextEquiv>
            <Unicode>ab</Unicode>
          </TextEquiv>
        </Word>
        <Word id="Record9_Line1_Word8">
          <Property key="category" value="name"/>
          <Property key="person" value="wife"/>
          <Coords points="1579,2518 1816,2518 1816,2593 1579,2593"/>
          <TextEquiv>
            <Unicode>Catherina</Unicode>
          </TextEquiv>
        </Word>
        <Word id="Record9_Line1_Word9">
          <Property key="category" value="state"/>
          <Property key="person" value="wife"/>
          <Coords points="1826,2518 1994,2518 1994,2582 1826,2582"/>
          <TextEquiv>
            <Unicode>viuda</Unicode>
          </TextEquiv>
        </Word>
      </TextLine>
      <TextLine id="Record9_Line2">
        <Coords points="0,0 0,0"/>
        <Word id="Record9_Line2_Word0">
          <Property key="category" value="other"/>
          <Property key="person" value="none"/>
          <Coords points="425,2648 486,2648 486,2714 425,2714"/>
          <TextEquiv>
            <Unicode>de</Unicode>
          </TextEquiv>
        </Word>
        <Word id="Record9_Line2_Word1">
          <Property key="category" value="name"/>
          <Property key="person" value="other_person"/>
          <Coords points="532,2641 590,2641 590,2704 532,2704"/>
          <TextEquiv>
            <Unicode>t</Unicode>
          </TextEquiv>
        </Word>
        <Word id="Record9_Line2_Word2">
          <Property key="category" value="surname"/>
          <Property key="person" value="other_person"/>
          <Coords points="674,2616 801,2616 801,2712 674,2712"/>
          <TextEquiv>
            <Unicode>Petit</Unicode>
          </TextEquiv>
        </Word>
        <Word id="Record9_Line2_Word3">
          <Property key="category" value="occupation"/>
          <Property key="person" value="wife"/>
          <Coords points="814,2632 1021,2632 1021,2733 814,2733"/>
          <TextEquiv>
            <Unicode>hostaler</Unicode>
          </TextEquiv>
        </Word>
        <Word id="Record9_Line2_Word4">
          <Property key="category" value="other"/>
          <Property key="person" value="none"/>
          <Coords points="1033,2641 1092,2641 1092,2709 1033,2709"/>
          <TextEquiv>
            <Unicode>de</Unicode>
          </TextEquiv>
        </Word>
        <Word id="Record9_Line2_Word5">
          <Property key="category" value="location"/>
          <Property key="person" value="wife"/>
          <Coords points="1099,2611 1267,2611 1267,2723 1099,2723"/>
          <TextEquiv>
            <Unicode>Bara</Unicode>
          </TextEquiv>
        </Word>
      </TextLine>
    </TextRegion>
    <TextRegion id="Record10">
      <Coords points="0,0 0,0"/>
      <TextLine id="Record10_Line0">
        <Coords points="0,0 0,0"/>
        <Word id="Record10_Line0_Word0">
          <Property key="category" value="other"/>
          <Property key="person" value="none"/>
          <Coords points="409,2733 585,2733 585,2835 409,2835"/>
          <TextEquiv>
            <Unicode>Dissapte</Unicode>
          </TextEquiv>
        </Word>
        <Word id="Record10_Line0_Word1">
          <Property key="category" value="other"/>
          <Property key="person" value="none"/>
          <Coords points="609,2751 658,2751 658,2788 609,2788"/>
          <TextEquiv>
            <Unicode>a</Unicode>
          </TextEquiv>
        </Word>
        <Word id="Record10_Line0_Word2">
          <Property key="category" value="other"/>
          <Property key="person" value="none"/>
          <Coords points="658,2741 736,2741 736,2788 658,2788"/>
          <TextEquiv>
            <Unicode>21</Unicode>
          </TextEquiv>
        </Word>
        <Word id="Record10_Line0_Word3">
          <Property key="category" value="other"/>
          <Property key="person" value="none"/>
          <Coords points="739,2720 876,2720 876,2795 739,2795"/>
          <TextEquiv>
            <Unicode>rebere</Unicode>
          </TextEquiv>
        </Word>
        <Word id="Record10_Line0_Word4">
          <Property key="category" value="other"/>
          <Property key="person" value="none"/>
          <Coords points="891,2731 932,2731 932,2785 891,2785"/>
          <TextEquiv>
            <Unicode>de</Unicode>
          </TextEquiv>
        </Word>
        <Word id="Record10_Line0_Word5">
          <Property key="category" value="name"/>
          <Property key="person" value="husband"/>
          <Coords points="947,2716 1111,2716 1111,2783 947,2783"/>
          <TextEquiv>
            <Unicode>Antoni</Unicode>
          </TextEquiv>
        </Word>
        <Word id="Record10_Line0_Word6">
          <Property key="category" value="surname"/>
          <Property key="person" value="husband"/>
          <Coords points="1102,2716 1245,2716 1245,2810 1102,2810"/>
          <TextEquiv>
            <Unicode>Julia</Unicode>
          </TextEquiv>
        </Word>
        <Word id="Record10_Line0_Word7">
          <Property key="category" value="occupation"/>
          <Property key="person" value="husband"/>
          <Coords points="1259,2720 1354,2720 1354,2807 1259,2807"/>
          <TextEquiv>
            <Unicode>jove</Unicode>
          </TextEquiv>
        </Word>
        <Word id="Record10_Line0_Word8">
          <Property key="category" value="occupation"/>
          <Property key="person" value="husband"/>
          <Coords points="1367,2711 1500,2711 1500,2800 1367,2800"/>
          <TextEquiv>
            <Unicode>mestre</Unicode>
          </TextEquiv>
        </Word>
        <Word id="Record10_Line0_Word9">
          <Property key="category" value="occupation"/>
          <Property key="person" value="husband"/>
          <Coords points="1511,2708 1557,2708 1557,2771 1511,2771"/>
          <TextEquiv>
            <Unicode>de</Unicode>
          </TextEquiv>
        </Word>
        <Word id="Record10_Line0_Word10">
          <Property key="category" value="occupation"/>
          <Property key="person" value="husband"/>
          <Coords points="1569,2713 1677,2713 1677,2807 1569,2807"/>
          <TextEquiv>
            <Unicode>cases</Unicode>
          </TextEquiv>
        </Word>
        <Word id="Record10_Line0_Word11">
          <Property key="category" value="other"/>
          <Property key="person" value="none"/>
          <Coords points="1693,2708 1756,2708 1756,2766 1693,2766"/>
          <TextEquiv>
            <Unicode>del</Unicode>
          </TextEquiv>
        </Word>
        <Word id="Record10_Line0_Word12">
          <Property key="category" value="location"/>
          <Property key="person" value="husband"/>
          <Coords points="1768,2723 1885,2723 1885,2800 1768,2800"/>
          <TextEquiv>
            <Unicode>regne</Unicode>
          </TextEquiv>
        </Word>
        <Word id="Record10_Line0_Word13">
          <Property key="category" value="location"/>
          <Property key="person" value="husband"/>
          <Coords points="1902,2708 1968,2708 1968,2767 1902,2767"/>
          <TextEquiv>
            <Unicode>de</Unicode>
          </TextEquiv>
        </Word>
      </TextLine>
      <TextLine id="Record10_Line1">
        <Coords points="0,0 0,0"/>
        <Word id="Record10_Line1_Word0">
          <Property key="category" value="location"/>
          <Property key="person" value="husband"/>
          <Coords points="402,2825 584,2825 584,2912 402,2912"/>
          <TextEquiv>
            <Unicode>frança</Unicode>
          </TextEquiv>
        </Word>
        <Word id="Record10_Line1_Word1">
          <Property key="category" value="other"/>
          <Property key="person" value="none"/>
          <Coords points="606,2803 818,2803 818,2885 606,2885"/>
          <TextEquiv>
            <Unicode>habitant</Unicode>
          </TextEquiv>
        </Word>
        <Word id="Record10_Line1_Word2">
          <Property key="category" value="other"/>
          <Property key="person" value="none"/>
          <Coords points="833,2836 889,2836 889,2877 833,2877"/>
          <TextEquiv>
            <Unicode>en</Unicode>
          </TextEquiv>
        </Word>
        <Word id="Record10_Line1_Word3">
          <Property key="category" value="location"/>
          <Property key="person" value="husband"/>
          <Coords points="912,2776 1073,2776 1073,2893 912,2893"/>
          <TextEquiv>
            <Unicode>Bara</Unicode>
          </TextEquiv>
        </Word>
        <Word id="Record10_Line1_Word4">
          <Property key="category" value="other"/>
          <Property key="person" value="none"/>
          <Coords points="1074,2803 1144,2803 1144,2872 1074,2872"/>
          <TextEquiv>
            <Unicode>ab</Unicode>
          </TextEquiv>
        </Word>
        <Word id="Record10_Line1_Word5">
          <Property key="category" value="name"/>
          <Property key="person" value="wife"/>
          <Coords points="1154,2795 1443,2795 1443,2901 1154,2901"/>
          <TextEquiv>
            <Unicode>Magdalena</Unicode>
          </TextEquiv>
        </Word>
        <Word id="Record10_Line1_Word6">
          <Property key="category" value="state"/>
          <Property key="person" value="wife"/>
          <Coords points="1436,2795 1651,2795 1651,2901 1436,2901"/>
          <TextEquiv>
            <Unicode>donsella</Unicode>
          </TextEquiv>
        </Word>
        <Word id="Record10_Line1_Word7">
          <Property key="category" value="other"/>
          <Property key="person" value="none"/>
          <Coords points="1645,2789 1780,2789 1780,2896 1645,2896"/>
          <TextEquiv>
            <Unicode>filla</Unicode>
          </TextEquiv>
        </Word>
        <Word id="Record10_Line1_Word8">
          <Property key="category" value="other"/>
          <Property key="person" value="none"/>
          <Coords points="1796,2798 1851,2798 1851,2863 1796,2863"/>
          <TextEquiv>
            <Unicode>de</Unicode>
          </TextEquiv>
        </Word>
        <Word id="Record10_Line1_Word9">
          <Property key="category" value="name"/>
          <Property key="person" value="wifes_father"/>
          <Coords points="1834,2751 2033,2751 2033,2893 1834,2893"/>
          <TextEquiv>
            <Unicode>franch</Unicode>
          </TextEquiv>
        </Word>
      </TextLine>
      <TextLine id="Record10_Line2">
        <Coords points="0,0 0,0"/>
        <Word id="Record10_Line2_Word0">
          <Property key="category" value="surname"/>
          <Property key="person" value="wifes_father"/>
          <Coords points="413,2889 573,2889 573,2977 413,2977"/>
          <TextEquiv>
            <Unicode>Patau</Unicode>
          </TextEquiv>
        </Word>
        <Word id="Record10_Line2_Word1">
          <Property key="category" value="occupation"/>
          <Property key="person" value="wifes_father"/>
          <Coords points="581,2903 733,2903 733,3002 581,3002"/>
          <TextEquiv>
            <Unicode>mestre</Unicode>
          </TextEquiv>
        </Word>
        <Word id="Record10_Line2_Word2">
          <Property key="category" value="occupation"/>
          <Property key="person" value="wifes_father"/>
          <Coords points="740,2900 798,2900 798,2975 740,2975"/>
          <TextEquiv>
            <Unicode>de</Unicode>
          </TextEquiv>
        </Word>
        <Word id="Record10_Line2_Word3">
          <Property key="category" value="occupation"/>
          <Property key="person" value="wifes_father"/>
          <Coords points="806,2908 933,2908 933,3002 806,3002"/>
          <TextEquiv>
            <Unicode>cases</Unicode>
          </TextEquiv>
        </Word>
        <Word id="Record10_Line2_Word4">
          <Property key="category" value="other"/>
          <Property key="person" value="none"/>
          <Coords points="912,2933 982,2933 982,2991 912,2991"/>
          <TextEquiv>
            <Unicode>y</Unicode>
          </TextEquiv>
        </Word>
        <Word id="Record10_Line2_Word5">
          <Property key="category" value="other"/>
          <Property key="person" value="none"/>
          <Coords points="987,2900 1048,2900 1048,2972 987,2972"/>
          <TextEquiv>
            <Unicode>de</Unicode>
          </TextEquiv>
        </Word>
        <Word id="Record10_Line2_Word6">
          <Property key="category" value="name"/>
          <Property key="person" value="wifes_mother"/>
          <Coords points="1052,2898 1289,2898 1289,3002 1052,3002"/>
          <TextEquiv>
            <Unicode>Gervasia</Unicode>
          </TextEquiv>
        </Word>
      </TextLine>
    </TextRegion>
    <TextRegion id="Record11">
      <Coords points="0,0 0,0"/>
      <TextLine id="Record11_Line0">
        <Coords points="0,0 0,0"/>
        <Word id="Record11_Line0_Word0">
          <Property key="category" value="other"/>
          <Property key="person" value="none"/>
          <Coords points="413,3012 486,3012 486,3077 413,3077"/>
          <TextEquiv>
            <Unicode>Dit</Unicode>
          </TextEquiv>
        </Word>
        <Word id="Record11_Line0_Word1">
          <Property key="category" value="other"/>
          <Property key="person" value="none"/>
          <Coords points="487,3006 571,3006 571,3067 487,3067"/>
          <TextEquiv>
            <Unicode>dia</Unicode>
          </TextEquiv>
        </Word>
        <Word id="Record11_Line0_Word2">
          <Property key="category" value="other"/>
          <Property key="person" value="none"/>
          <Coords points="578,2987 733,2987 733,3064 578,3064"/>
          <TextEquiv>
            <Unicode>rebere</Unicode>
          </TextEquiv>
        </Word>
        <Word id="Record11_Line0_Word3">
          <Property key="category" value="other"/>
          <Property key="person" value="none"/>
          <Coords points="742,3001 796,3001 796,3058 742,3058"/>
          <TextEquiv>
            <Unicode>de</Unicode>
          </TextEquiv>
        </Word>
        <Word id="Record11_Line0_Word4">
          <Property key="category" value="name"/>
          <Property key="person" value="husband"/>
          <Coords points="787,2984 966,2984 966,3083 787,3083"/>
          <TextEquiv>
            <Unicode>Joseph</Unicode>
          </TextEquiv>
        </Word>
        <Word id="Record11_Line0_Word5">
          <Property key="category" value="surname"/>
          <Property key="person" value="husband"/>
          <Coords points="951,2990 1070,2990 1070,3083 951,3083"/>
          <TextEquiv>
            <Unicode>font</Unicode>
          </TextEquiv>
        </Word>
        <Word id="Record11_Line0_Word6">
          <Property key="category" value="occupation"/>
          <Property key="person" value="husband"/>
          <Coords points="1077,2995 1243,2995 1243,3058 1077,3058"/>
          <TextEquiv>
            <Unicode>sabater</Unicode>
          </TextEquiv>
        </Word>
        <Word id="Record11_Line0_Word7">
          <Property key="category" value="other"/>
          <Property key="person" value="none"/>
          <Coords points="1253,2968 1462,2968 1462,3048 1253,3048"/>
          <TextEquiv>
            <Unicode>habitant</Unicode>
          </TextEquiv>
        </Word>
        <Word id="Record11_Line0_Word8">
          <Property key="category" value="other"/>
          <Property key="person" value="none"/>
          <Coords points="1464,2993 1533,2993 1533,3042 1464,3042"/>
          <TextEquiv>
            <Unicode>en</Unicode>
          </TextEquiv>
        </Word>
        <Word id="Record11_Line0_Word9">
          <Property key="category" value="location"/>
          <Property key="person" value="husband"/>
          <Coords points="1541,2974 1728,2974 1728,3045 1541,3045"/>
          <TextEquiv>
            <Unicode>Cervera</Unicode>
          </TextEquiv>
        </Word>
        <Word id="Record11_Line0_Word10">
          <Property key="category" value="location"/>
          <Property key="person" value="husband"/>
          <Coords points="1732,2965 1882,2965 1882,3075 1732,3075"/>
          <TextEquiv>
            <Unicode>bisbat</Unicode>
          </TextEquiv>
        </Word>
        <Word id="Record11_Line0_Word11">
          <Property key="category" value="location"/>
          <Property key="person" value="husband"/>
          <Coords points="1889,2965 1967,2965 1967,3039 1889,3039"/>
          <TextEquiv>
            <Unicode>de</Unicode>
          </TextEquiv>
        </Word>
      </TextLine>
      <TextLine id="Record11_Line1">
        <Coords points="0,0 0,0"/>
        <Word id="Record11_Line1_Word0">
          <Property key="category" value="location"/>
          <Property key="person" value="husband"/>
          <Coords points="422,3082 623,3082 623,3172 422,3172"/>
          <TextEquiv>
            <Unicode>Solsona</Unicode>
          </TextEquiv>
        </Word>
        <Word id="Record11_Line1_Word1">
          <Property key="category" value="other"/>
          <Property key="person" value="none"/>
          <Coords points="625,3079 722,3079 722,3170 625,3170"/>
          <TextEquiv>
            <Unicode>fill</Unicode>
          </TextEquiv>
        </Word>
        <Word id="Record11_Line1_Word2">
          <Property key="category" value="other"/>
          <Property key="person" value="none"/>
          <Coords points="732,3082 788,3082 788,3148 732,3148"/>
          <TextEquiv>
            <Unicode>de</Unicode>
          </TextEquiv>
        </Word>
        <Word id="Record11_Line1_Word3">
          <Property key="category" value="other"/>
          <Property key="person" value="none"/>
          <Coords points="795,3071 875,3071 875,3145 795,3145"/>
          <TextEquiv>
            <Unicode>me</Unicode>
          </TextEquiv>
        </Word>
        <Word id="Record11_Line1_Word4">
          <Property key="category" value="name"/>
          <Property key="person" value="husbands_father"/>
          <Coords points="882,3068 1051,3068 1051,3148 882,3148"/>
          <TextEquiv>
            <Unicode>Antoni</Unicode>
          </TextEquiv>
        </Word>
        <Word id="Record11_Line1_Word5">
          <Property key="category" value="surname"/>
          <Property key="person" value="husbands_father"/>
          <Coords points="1044,3076 1174,3076 1174,3170 1044,3170"/>
          <TextEquiv>
            <Unicode>font</Unicode>
          </TextEquiv>
        </Word>
        <Word id="Record11_Line1_Word6">
          <Property key="category" value="occupation"/>
          <Property key="person" value="husbands_father"/>
          <Coords points="1170,3071 1361,3071 1361,3167 1170,3167"/>
          <TextEquiv>
            <Unicode>sabater</Unicode>
          </TextEquiv>
        </Word>
        <Word id="Record11_Line1_Word7">
          <Property key="category" value="other"/>
          <Property key="person" value="none"/>
          <Coords points="1362,3063 1421,3063 1421,3134 1362,3134"/>
          <TextEquiv>
            <Unicode>de</Unicode>
          </TextEquiv>
        </Word>
        <Word id="Record11_Line1_Word8">
          <Property key="category" value="location"/>
          <Property key="person" value="husbands_father"/>
          <Coords points="1428,3060 1531,3060 1531,3132 1428,3132"/>
          <TextEquiv>
            <Unicode>dita</Unicode>
          </TextEquiv>
        </Word>
        <Word id="Record11_Line1_Word9">
          <Property key="category" value="location"/>
          <Property key="person" value="husbands_father"/>
          <Coords points="1535,3052 1651,3052 1651,3126 1535,3126"/>
          <TextEquiv>
            <Unicode>vila</Unicode>
          </TextEquiv>
        </Word>
        <Word id="Record11_Line1_Word10">
          <Property key="category" value="other"/>
          <Property key="person" value="none"/>
          <Coords points="1639,3085 1706,3085 1706,3148 1639,3148"/>
          <TextEquiv>
            <Unicode>y</Unicode>
          </TextEquiv>
        </Word>
        <Word id="Record11_Line1_Word11">
          <Property key="category" value="other"/>
          <Property key="person" value="none"/>
          <Coords points="1705,3071 1761,3071 1761,3129 1705,3129"/>
          <TextEquiv>
            <Unicode>de</Unicode>
          </TextEquiv>
        </Word>
        <Word id="Record11_Line1_Word12">
          <Property key="category" value="name"/>
          <Property key="person" value="husbands_mother"/>
          <Coords points="1777,3052 2049,3052 2049,3153 1777,3153"/>
          <TextEquiv>
            <Unicode>Margarida</Unicode>
          </TextEquiv>
        </Word>
      </TextLine>
      <TextLine id="Record11_Line2">
        <Coords points="0,0 0,0"/>
        <Word id="Record11_Line2_Word0">
          <Property key="category" value="other"/>
          <Property key="person" value="none"/>
          <Coords points="425,3169 502,3169 502,3243 425,3243"/>
          <TextEquiv>
            <Unicode>ab</Unicode>
          </TextEquiv>
        </Word>
        <Word id="Record11_Line2_Word1">
          <Property key="category" value="name"/>
          <Property key="person" value="wife"/>
          <Coords points="504,3160 741,3160 741,3240 504,3240"/>
          <TextEquiv>
            <Unicode>Catherina</Unicode>
          </TextEquiv>
        </Word>
        <Word id="Record11_Line2_Word2">
          <Property key="category" value="state"/>
          <Property key="person" value="wife"/>
          <Coords points="748,3169 938,3169 938,3264 748,3264"/>
          <TextEquiv>
            <Unicode>donsella</Unicode>
          </TextEquiv>
        </Word>
        <Word id="Record11_Line2_Word3">
          <Property key="category" value="other"/>
          <Property key="person" value="none"/>
          <Coords points="943,3169 1070,3169 1070,3253 943,3253"/>
          <TextEquiv>
            <Unicode>filla</Unicode>
          </TextEquiv>
        </Word>
        <Word id="Record11_Line2_Word4">
          <Property key="category" value="other"/>
          <Property key="person" value="none"/>
          <Coords points="1088,3169 1144,3169 1144,3235 1088,3235"/>
          <TextEquiv>
            <Unicode>de</Unicode>
          </TextEquiv>
        </Word>
        <Word id="Record11_Line2_Word5">
          <Property key="category" value="name"/>
          <Property key="person" value="wifes_father"/>
          <Coords points="1162,3155 1426,3155 1426,3253 1162,3253"/>
          <TextEquiv>
            <Unicode>Montserrat</Unicode>
          </TextEquiv>
        </Word>
        <Word id="Record11_Line2_Word6">
          <Property key="category" value="surname"/>
          <Property key="person" value="wifes_father"/>
          <Coords points="1420,3155 1563,3155 1563,3253 1420,3253"/>
          <TextEquiv>
            <Unicode>font</Unicode>
          </TextEquiv>
        </Word>
        <Word id="Record11_Line2_Word7">
          <Property key="category" value="occupation"/>
          <Property key="person" value="wifes_father"/>
          <Coords points="1562,3171 1731,3171 1731,3251 1562,3251"/>
          <TextEquiv>
            <Unicode>manya</Unicode>
          </TextEquiv>
        </Word>
        <Word id="Record11_Line2_Word8">
          <Property key="category" value="other"/>
          <Property key="person" value="none"/>
          <Coords points="1741,3158 1808,3158 1808,3224 1741,3224"/>
          <TextEquiv>
            <Unicode>de</Unicode>
          </TextEquiv>
        </Word>
        <Word id="Record11_Line2_Word9">
          <Property key="category" value="location"/>
          <Property key="person" value="wifes_father"/>
          <Coords points="1812,3136 1961,3136 1961,3251 1812,3251"/>
          <TextEquiv>
            <Unicode>Bara</Unicode>
          </TextEquiv>
        </Word>
      </TextLine>
      <TextLine id="Record11_Line3">
        <Coords points="0,0 0,0"/>
        <Word id="Record11_Line3_Word0">
          <Property key="category" value="other"/>
          <Property key="person" value="none"/>
          <Coords points="425,3266 601,3266 601,3365 425,3365"/>
          <TextEquiv>
            <Unicode>defunct</Unicode>
          </TextEquiv>
        </Word>
        <Word id="Record11_Line3_Word1">
          <Property key="category" value="other"/>
          <Property key="person" value="none"/>
          <Coords points="606,3288 667,3288 667,3365 606,3365"/>
          <TextEquiv>
            <Unicode>y</Unicode>
          </TextEquiv>
        </Word>
        <Word id="Record11_Line3_Word2">
          <Property key="category" value="other"/>
          <Property key="person" value="none"/>
          <Coords points="671,3261 741,3261 741,3340 671,3340"/>
          <TextEquiv>
            <Unicode>de</Unicode>
          </TextEquiv>
        </Word>
        <Word id="Record11_Line3_Word3">
          <Property key="category" value="name"/>
          <Property key="person" value="wifes_mother"/>
          <Coords points="756,3255 1034,3255 1034,3365 756,3365"/>
          <TextEquiv>
            <Unicode>Margarida</Unicode>
          </TextEquiv>
        </Word>
      </TextLine>
    </TextRegion>
  </Page>
</PcGts>
