2690 3794
420 264 578 360 dissapte
585 282 617 321 a
635 280 725 349 29
730 259 886 331 rebere
901 272 948 329 de
947 268 1076 353 Juan
1083 259 1221 331 duran
1240 290 1363 366 pages
1381 276 1452 328 del
1459 251 1609 358 Regne
1622 276 1663 333 de
1660 276 1847 362 fransa
1860 257 1999 331 habi=

422 369 520 414 tant
532 379 594 422 en
635 350 799 414 Mollet
833 350 892 414 ab
914 352 1134 434 Elisabeth
1139 352 1324 451 donsella
1325 361 1444 455 filla
1457 361 1514 420 de
1515 359 1659 463 feliu
1676 344 1834 434 Ribas
1841 357 2001 461 pages

426 460 491 517 de
500 427 584 509 St
577 427 681 515 Pol
691 440 832 548 bisbat
854 458 917 519 de
918 440 1032 523 Vich
1011 477 1068 538 y
1081 460 1140 524 de
1174 435 1371 527 Eularia
1387 456 1613 546 defuncta

420 539 497 614 dit
503 549 570 614 dia
585 543 731 614 rebere
744 555 797 614 de
800 518 908 616 Pere
922 549 1047 614 Serra
1062 543 1204 654 pages
1205 545 1281 619 del
1285 568 1419 642 regne
1434 547 1495 614 de
1501 555 1683 654 fransa
1693 543 1911 617 habitant
1922 566 2006 608 en

420 638 623 712 Cornella
645 636 712 705 ab
713 620 869 714 Paula
887 640 1082 732 donsella
1079 634 1196 732 filla
1216 648 1274 705 de
1285 627 1469 753 Phelip
1474 638 1663 722 Liberos
1670 646 1807 755 pages
1816 648 2022 737 defunct

405 764 460 830 y
478 734 553 803 de
532 721 727 838 Juana

416 829 481 892 dit
496 831 568 890 dia
579 816 720 888 rebere
734 819 785 883 de
802 806 942 917 Esteva
963 804 1127 878 Catala
1133 824 1274 921 pages
1294 822 1345 875 de
1368 802 1531 869 Cabrera
1523 808 1624 898 fill
1637 817 1683 869 de
1699 785 1948 892 Hieronym

426 920 568 989 Catala
579 926 704 1022 pages
719 909 886 1001 #
860 930 921 998 y
934 910 987 977 de
999 885 1134 966 Anna
1149 891 1376 985 defuncts
1374 887 1450 958 ab
1455 866 1638 962 Eularia
1647 887 1838 987 donsella
1837 882 1983 991 filla

420 1015 477 1084 de
472 1011 634 1120 jaume
660 972 904 1105 Bruguera
914 1007 1057 1116 pages
1069 997 1125 1061 de
1143 984 1316 1061 dorrius
1329 982 1510 1080 defunct
1519 1009 1563 1084 y
1571 982 1630 1041 de
1674 986 1739 1043 t

424 1102 483 1161 dit
501 1104 559 1159 dia
569 1090 706 1163 rebere
722 1104 768 1157 de
780 1079 890 1159 Pere
897 1096 1047 1182 faura
1058 1090 1192 1192 pages
1209 1085 1274 1151 del
1286 1069 1435 1174 Regne
1449 1086 1502 1144 de
1494 1075 1671 1169 frança
1684 1069 1877 1138 habitant
1893 1092 1977 1132 en

414 1170 673 1256 Badalona
689 1183 749 1246 ab
754 1185 991 1244 #
1007 1164 1187 1244 Eularia
1201 1171 1375 1269 donsella
1364 1148 1495 1264 filla
1517 1168 1572 1231 de
1585 1164 1762 1231 Simeon
1779 1141 1966 1223 Roldos

418 1295 553 1391 pages
571 1284 632 1347 de
647 1261 886 1345 Badalona
903 1282 1059 1341 vivent
1054 1301 1115 1366 y
1131 1276 1196 1343 de
1215 1257 1464 1335 Catherina

428 1381 489 1438 dit
498 1377 564 1436 dia
575 1361 725 1428 donare
728 1369 894 1430 llicentia
893 1382 983 1470 per
990 1386 1105 1426 amor
1110 1369 1161 1426 de
1160 1355 1258 1426 Deu
1263 1386 1299 1420 a
1296 1357 1435 1453 Juan
1447 1349 1526 1420 Cot
1534 1342 1727 1451 calsater
1738 1349 1793 1412 de
1802 1342 1971 1443 agulla

428 1462 506 1528 del
519 1475 652 1561 regne
674 1460 729 1523 de
730 1448 913 1544 frança
922 1439 1142 1515 habitant
1149 1469 1212 1519 en
1240 1425 1404 1544 Bara
1409 1444 1487 1513 ab
1494 1442 1739 1521 Catherina
1761 1435 1975 1542 donsella

420 1557 559 1660 filla
583 1566 634 1621 de
658 1549 855 1656 Miquel
866 1529 1059 1627 Planes
1065 1564 1194 1654 pages
1205 1552 1262 1621 de
1277 1539 1518 1644 Vilamajor
1511 1570 1574 1637 y
1585 1545 1646 1616 de
1664 1535 1962 1646 Margarida

430 1663 665 1747 defuncta

426 1744 495 1807 dit
503 1746 568 1809 dia
581 1725 708 1801 rebere
719 1748 768 1799 de
780 1719 956 1799 Andreu
963 1713 1127 1817 Pisana
1139 1715 1301 1787 hortola
1314 1728 1367 1787 de
1383 1698 1529 1801 Bara
1509 1703 1621 1813 fill
1623 1725 1673 1776 de
1674 1688 1783 1776 Pere
1788 1688 1977 1805 Pisana

437 1819 596 1892 hortola
600 1846 656 1912 y
664 1835 721 1898 de
724 1825 971 1923 Margarida
982 1829 1148 1890 vivent
1166 1814 1241 1884 ab
1242 1802 1487 1904 Hieronyma
1501 1802 1675 1904 donsella
1686 1800 1809 1898 filla
1829 1810 1880 1865 de
1895 1785 2002 1865 Ni=

432 1928 555 1991 colau
577 1903 704 1998 Ros
691 1938 1057 2025 guarnimanter
1056 1941 1115 2008 y
1129 1928 1185 1987 de
1207 1912 1489 2012 Margarida

428 2011 497 2082 dit
503 2021 572 2082 dia
587 2013 721 2085 rebere
734 2024 787 2083 de
800 1997 923 2091 Pere
943 2005 1092 2116 Tegell
1096 2021 1233 2124 pages
1246 2003 1454 2074 habitant
1459 2026 1526 2068 en
1536 1997 1722 2062 Sarria
1715 1984 1828 2087 fill
1841 1988 1904 2053 de
1893 1984 2020 2083 jau=

436 2137 504 2180 me
525 2100 696 2221 Tegell
711 2129 902 2221 parayre
924 2115 975 2174 de
984 2086 1109 2182 Riu
1116 2104 1173 2174 de
1180 2110 1328 2207 canyes
1343 2086 1632 2188 Archebisbat
1647 2086 1708 2157 de
1730 2079 2026 2192 Tarragona

403 2247 473 2321 y
484 2233 551 2296 de
554 2219 737 2284 Maria
763 2197 1004 2298 defuncts
1025 2195 1109 2271 ab
1119 2190 1302 2263 Maria
1319 2189 1485 2298 dosella
1482 2185 1626 2289 filla
1643 2181 1704 2254 de
1715 2168 1843 2289 jaue
1839 2156 1971 2277 Roig

430 2315 607 2393 hortola
633 2324 696 2385 de
717 2282 890 2404 Bara
868 2332 939 2401 y
945 2315 1014 2377 de
1027 2280 1237 2379 Beneta
1253 2290 1485 2397 diffuncts
1503 2311 1561 2362 es
1560 2282 1747 2383 fillada
1765 2282 1817 2347 al
1829 2276 2008 2377 hospital

412 2421 613 2522 general

437 2487 619 2591 diumege
636 2518 678 2554 a
695 2493 766 2554 30
788 2477 942 2543 rebere
952 2489 1002 2545 de
1019 2473 1164 2573 Gratia
1179 2454 1318 2540 Prats
1340 2463 1504 2535 hortola
1516 2454 1712 2524 habitant
1709 2477 1770 2513 en
1792 2424 1962 2527 Bara

439 2583 570 2648 viudo
586 2578 658 2641 ab
661 2558 843 2642 Beneta
854 2576 1011 2635 viuda
1031 2572 1082 2635 de
1092 2569 1252 2658 jaume
1264 2558 1396 2623 Xiol
1400 2558 1586 2618 corredor
1604 2553 1658 2614 de
1670 2548 1877 2618 animals

436 2673 600 2741 dilluns
611 2700 646 2736 a
664 2677 729 2740 31
749 2663 898 2736 rebere
905 2673 963 2733 de
980 2652 1215 2752 Hieronym
1230 2643 1447 2741 Solinyach
1448 2663 1586 2756 pages
1602 2640 1812 2713 habitant
1820 2664 1883 2706 en
1895 2627 1979 2711 St

446 2762 630 2833 Sadorni
648 2769 701 2832 de
728 2755 942 2825 Sobirats
941 2742 1057 2841 fill
1070 2749 1125 2816 de
1122 2739 1256 2837 Juan
1280 2733 1506 2828 Solinyach
1516 2751 1655 2835 pages
1666 2730 1838 2825 defunct
1824 2751 1889 2819 y
1900 2723 1965 2786 de

427 2862 589 2950 Juana
588 2854 800 2950 ferriola
829 2852 898 2915 ab
905 2840 1180 2940 Hieronyma
1186 2837 1389 2929 donsella
1393 2829 1517 2922 filla
1531 2832 1582 2897 de
1588 2804 1708 2890 Pere
1726 2809 1882 2917 Estella
1889 2829 2008 2918 pages

437 2967 493 3026 de
494 2947 579 3028 St
578 2946 736 3049 Esteva
758 2949 1018 3014 Carrovires
1003 2972 1068 3032 y
1094 2944 1146 3002 de
1164 2921 1332 3003 Eleonor
1343 2930 1557 3019 defuncta
