2690 3794
340 214 563 376 Dijous
572 299 607 347 a
614 291 661 350 7
682 280 826 353 rebere
839 288 894 350 de
888 283 1029 384 Juan
1042 286 1248 392 Guardia
1255 309 1396 398 pages
1403 299 1457 366 de
1467 272 1544 369 St
1527 267 1712 363 Andreu
1722 299 1780 361 de
1785 262 2019 363 Palomar

397 365 491 454 fill
501 368 552 430 de
559 357 686 456 Luys
693 352 873 464 Guardia
874 383 1015 472 pages
1003 394 1059 464 y
1061 386 1117 456 de
1127 370 1443 472 Montserrada
1469 375 1553 448 ab
1524 375 1769 485 francisca
1777 381 1983 480 donsella

381 466 505 559 filla
512 466 579 538 de
578 455 840 565 francesch
855 458 974 541 Oller
978 476 1119 567 pages
1118 471 1174 538 de
1198 468 1292 541 dita
1288 463 1533 575 parrochia
1549 492 1591 567 y
1593 471 1646 546 de
1628 476 1863 575 francisca

392 556 483 628 Dit
485 558 573 633 dia
572 556 743 631 rebere
740 558 798 623 de
797 540 1010 663 Domingo
1017 537 1207 631 Dehom
1220 582 1369 663 pages
1392 566 1465 636 del
1475 585 1588 663 regne
1609 572 1662 639 de
1650 566 1835 663 frança
1845 553 2027 644 habitat

405 659 469 713 en
474 648 642 718 Sarria
674 640 766 718 ab
773 640 1043 750 Margarida
1055 651 1204 724 viuda
1217 648 1276 726 de
1302 624 1500 726 Bernat
1516 651 1698 729 Nadal
1683 680 1818 760 pages
1828 667 1887 737 de
1886 659 2019 745 Vich

397 733 472 798 Dit
482 731 554 795 dia
572 728 703 798 rebere
712 744 771 803 de
770 720 878 806 Pau
888 720 1037 835 Pages
1044 744 1213 814 texidor
1220 746 1276 811 de
1283 746 1341 811 lli
1349 738 1558 811 habitant
1565 767 1629 819 en
1639 751 1695 819 lo
1702 744 1975 848 Hospitalet

383 818 483 919 fill
493 831 554 896 de
556 810 722 885 Antoni
718 805 862 917 Pages
880 823 955 890 del
965 818 1210 914 Hospitalet
1195 842 1245 906 y
1247 836 1308 893 de
1307 823 1484 893 Violant
1508 821 1572 890 ab
1568 818 1739 919 Angela
1749 839 1920 927 donsella
1913 836 2052 919 filla

397 921 456 980 de
455 910 678 994 Hieronym
693 908 862 980 Oliveres
863 932 996 1015 pages
1017 924 1073 983 de
1069 897 1144 980 St
1105 908 1232 1015 Just
1231 913 1413 1009 Desvern
1420 932 1468 1020 y
1469 924 1528 988 de
1541 913 1805 1023 Magdalena

378 1003 461 1073 Dit
463 1011 538 1076 dia
545 1003 692 1076 rebere
704 1011 768 1076 de
759 1014 919 1110 jaume
943 1008 1084 1078 Serra
1094 1030 1284 1113 parayre
1294 1016 1355 1081 de
1362 1008 1572 1081 Cardedeu
1576 1014 1676 1108 fill
1680 1022 1739 1081 de
1749 1003 1912 1089 Antoni
1905 1014 2043 1089 Serra

405 1088 552 1163 tambe
567 1117 752 1200 perayre
773 1101 960 1190 defunct
957 1123 1015 1192 y
1017 1107 1081 1171 de
1091 1093 1265 1211 Antiga
1305 1093 1391 1168 ab
1390 1083 1563 1174 Eularia
1576 1096 1780 1192 donsella
1771 1099 1912 1203 filla
1916 1101 1983 1179 de

394 1202 538 1295 Juan
556 1189 777 1277 Terrades
778 1204 927 1309 pages
943 1202 990 1277 de
997 1194 1097 1269 dita
1110 1202 1218 1264 vila
1239 1197 1418 1295 defunct
1425 1223 1481 1295 y
1467 1202 1547 1275 de
1543 1186 1851 1303 Hieronyma

381 1294 637 1370 Divendres
655 1316 694 1364 a
726 1302 760 1367 8
776 1289 941 1364 rebere
954 1300 1012 1367 de
1003 1281 1125 1394 Jua
1135 1294 1262 1367 Sala
1275 1305 1421 1407 pages
1428 1308 1484 1370 de
1491 1276 1684 1402 Ripollet
1672 1289 1783 1396 fill
1787 1308 1843 1375 de
1856 1286 2010 1370 Mont=

383 1398 549 1486 serrat
562 1385 694 1454 Sala
704 1401 842 1492 pages
825 1406 883 1476 y
885 1398 941 1460 de
957 1377 1114 1460 Eleonor
1116 1390 1308 1473 defuncts
1332 1382 1415 1457 ab
1398 1395 1572 1486 Juana
1573 1385 1788 1492 donsella
1777 1382 1917 1489 filla
1933 1393 1997 1457 de

400 1483 612 1550 Salvador
625 1469 790 1552 Ninou
800 1496 930 1589 pages
935 1483 1007 1560 de
1011 1461 1100 1550 Sta
1094 1461 1314 1584 Perpetua
1310 1506 1374 1589 y
1365 1483 1426 1552 de
1439 1480 1632 1550 Candia

386 1567 549 1645 Dissapte
551 1586 584 1627 a
586 1586 634 1645 9
641 1565 774 1635 rebere
795 1578 842 1635 de
850 1575 1001 1661 jaume
1022 1546 1202 1656 Besturs
1214 1580 1308 1666 jove
1318 1578 1489 1666 cilurgia
1497 1565 1703 1640 habitant
1711 1594 1778 1640 en
1785 1543 1961 1664 Bara

383 1652 486 1735 fill
493 1652 546 1717 de
553 1657 678 1743 juan
682 1639 878 1748 Besturs
899 1671 1111 1740 negociant
1121 1665 1174 1727 de
1192 1652 1243 1717 la
1253 1655 1358 1719 vila
1376 1655 1432 1719 de
1445 1660 1618 1746 Conques
1639 1650 1778 1748 bisbat
1774 1665 1829 1732 de
1848 1660 1978 1759 Urgell

375 1763 439 1841 y
438 1753 491 1814 de
474 1747 648 1838 Juana
669 1747 851 1833 defuncts
880 1745 947 1820 ab
954 1734 1122 1812 Maria
1143 1747 1322 1844 donsella
1321 1739 1446 1841 filla
1456 1747 1517 1814 de
1510 1726 1627 1814 Pau
1634 1731 1799 1814 Daroca
1820 1742 1975 1812 notari

394 1832 511 1910 real
521 1845 571 1907 de
578 1806 738 1931 Bara
715 1867 779 1929 y
781 1845 848 1918 de
858 1824 1149 1942 Margarida
1165 1840 1372 1939 defuncts

386 1930 467 2003 Dit
471 1930 563 2000 dia
578 1922 727 2000 rebere
734 1944 796 2005 de
806 1936 963 2003 Vicens
970 1936 1117 2003 Serra
1132 1941 1298 2008 texidor
1297 1946 1355 2005 de
1351 1925 1503 2008 llana
1510 1941 1569 2003 de
1587 1904 1753 2024 Bara
1727 1928 1843 2032 fill
1848 1936 1958 2005 de

392 1996 607 2090 Bertran
630 2012 788 2090 Serra
808 2023 982 2098 texidor
973 2031 1037 2095 de
1044 2018 1185 2093 llana
1184 2049 1248 2108 y
1250 2025 1319 2098 de
1327 2002 1509 2098 Paula
1519 2020 1733 2124 defuncts
1743 2023 1816 2093 ab
1834 2010 1969 2090 Mar=

400 2110 541 2201 quesa
548 2110 749 2209 donsella
759 2102 897 2199 filla
910 2118 977 2180 de
984 2089 1259 2180 Barthomeu
1255 2084 1399 2185 Pere
1403 2107 1542 2225 Gual
1557 2110 1712 2183 texidor
1719 2118 1775 2183 de
1787 2105 1942 2188 llana
1941 2115 2016 2177 de

381 2187 549 2294 Bara
510 2232 596 2305 y
595 2211 656 2289 de
677 2187 837 2265 Elena
844 2198 1062 2291 defuncta

372 2301 453 2368 Dit
460 2296 538 2363 dia
540 2282 692 2357 rebere
691 2293 752 2355 de
745 2269 947 2381 Raphel
948 2282 1111 2355 Subira
1099 2290 1287 2384 sparter
1294 2290 1361 2357 de
1357 2274 1470 2349 Vich
1480 2269 1657 2349 habitat
1667 2301 1725 2347 en
1738 2250 1893 2376 Bara
1875 2282 1980 2384 fill

383 2388 448 2458 de
460 2354 733 2458 Barthomeu
734 2375 905 2458 Subira
904 2391 1123 2487 parayre
1132 2388 1193 2458 de
1187 2370 1295 2442 Vich
1294 2396 1350 2469 y
1357 2375 1415 2453 de
1442 2351 1662 2477 Elisabeth
1678 2364 1873 2464 defuncts
1897 2362 1980 2445 ab

370 2463 620 2585 Hypolita
627 2478 828 2580 donsella
827 2473 958 2575 filla
973 2481 1032 2548 de
1044 2436 1223 2585 Phelip
1222 2449 1489 2551 Benavent
1480 2463 1701 2567 sabater
1702 2471 1778 2540 de
1771 2436 1980 2572 Bara

370 2576 565 2681 defunct
559 2606 620 2678 y
608 2579 689 2649 de
691 2545 903 2686 Antiga

386 2664 458 2736 Dit
457 2669 535 2731 dia
526 2664 678 2731 rebere
685 2669 735 2728 de
742 2656 916 2728 Antoni
921 2648 1081 2723 Mora
1085 2672 1229 2757 pages
1233 2656 1287 2723 de
1297 2648 1547 2750 Vilamajor
1532 2637 1643 2742 fill
1642 2661 1698 2720 de
1692 2656 1863 2744 jaume
1872 2642 2027 2720 Mora

386 2767 527 2853 pages
529 2775 596 2840 y
597 2759 661 2832 de
666 2741 919 2842 florencia
935 2751 1130 2837 defuncts
1154 2743 1237 2808 ab
1242 2730 1522 2834 Maryanna
1524 2746 1723 2842 donsella
1727 2741 1865 2842 filla
1878 2751 1956 2816 de

394 2828 549 2924 Benet
562 2839 694 2953 Grau
699 2857 840 2943 pages
855 2849 913 2914 de
915 2841 1056 2943 llissa
1069 2847 1251 2916 demunt
1255 2847 1443 2937 defunct
1420 2862 1498 2935 y
1505 2844 1572 2916 de
1595 2831 1879 2951 Margarida

362 2939 576 3049 Diumege
581 2971 623 3017 a
627 2966 692 3019 10
699 2934 845 3012 rebere
852 2944 916 3014 de
924 2931 1185 3035 Hieronym
1192 2934 1380 3019 Sicart
1372 2955 1510 3049 pages
1513 2949 1581 3018 de
1571 2940 1827 3016 Talavera
1834 2928 2002 3044 bisbat

378 3053 442 3118 de
436 3034 549 3112 Vich
542 3034 653 3134 fill
674 3045 733 3112 de
756 3037 807 3107 t
827 3056 905 3126 y
935 3040 1001 3104 t
1074 3032 1166 3104 ab
1173 3032 1410 3115 Madrona
1425 3037 1635 3134 donsella
1628 3040 1761 3128 filla
1768 3045 1832 3112 de
1845 3032 1964 3107 Ma=

383 3125 491 3205 theu
504 3135 631 3200 Caus
633 3133 859 3224 adroguer
861 3135 930 3208 de
948 3111 1103 3229 Bara
1107 3130 1298 3216 defunct
1288 3159 1358 3218 y
1373 3133 1440 3202 de
1434 3130 1643 3234 Juana

342 3220 450 3300 Dit
452 3225 538 3295 dia
559 3212 708 3292 rebere
715 3230 766 3295 de
762 3215 913 3308 #
921 3220 1078 3300 Vicens
1096 3207 1300 3297 Amoros
1307 3241 1522 3324 parayre
1527 3220 1755 3297 habitant
1757 3244 1821 3287 en
1823 3199 1988 3319 Bara

370 3315 513 3388 viudo
532 3307 615 3380 ab
614 3284 798 3380 Paula
795 3304 982 3412 dosella
973 3307 1122 3401 filla
1137 3312 1204 3380 de
1209 3294 1393 3380 Antoni
1406 3299 1635 3404 Castellar
1639 3294 1835 3375 hortola
1831 3310 1903 3375 de
1902 3278 2065 3396 Bara

370 3421 431 3488 y
427 3403 486 3464 de
512 3387 752 3499 Elisabeth
778 3379 1018 3488 defuncts
