2690 3794
358 262 570 440 Dijous
589 334 653 396 al
662 315 753 433 pr
744 334 802 398 de
815 334 887 396 dit
898 315 1051 396 rebere
1059 332 1110 396 de
1122 320 1297 396 Antoni
1324 311 1569 426 Broquetes
1574 350 1769 426 parayre
1786 325 1843 396 de
1848 315 2027 422 Aulesa

403 437 451 494 de
472 416 754 510 Montserrat
754 423 847 505 fill
855 427 912 493 de
916 407 1097 487 Antoni
1118 401 1369 522 Broquetes
1372 444 1504 533 pages
1514 427 1564 484 de
1572 420 1665 484 dita
1673 416 1908 519 parrochia
1929 420 1998 487 de=

388 518 537 599 funct
543 541 588 619 y
599 521 658 584 de
680 500 845 580 Elienor
861 509 930 576 ab
915 509 1099 612 Juana
1123 512 1317 603 donsella
1314 514 1440 599 filla
1449 521 1504 584 de
1520 509 1810 603 Montserrat
1804 506 2000 573 Llimona

405 621 595 699 parayre
612 611 667 675 de
680 602 953 708 Sparaguera
958 626 1004 706 y
1008 600 1065 666 de
1093 588 1297 683 Elisabeth
1322 600 1542 682 defuncta

381 693 465 755 Dit
471 693 544 753 dia
554 682 697 752 rebere
711 698 766 757 de
772 681 878 759 Pere
889 667 1110 786 Pellisser
1115 689 1398 783 assahonador
1415 689 1476 753 de
1495 675 1695 781 Guimera
1709 661 1935 729 habitant
1943 688 2003 726 en

401 758 557 855 Bara
554 772 687 836 viudo
704 772 777 839 ab
778 759 982 839 Antonia
999 770 1189 872 donsella
1190 777 1323 862 filla
1340 786 1400 844 de
1417 751 1692 839 Barthomeu
1709 747 1861 866 Verges
1858 763 2007 869 pages

400 877 458 941 de
466 840 620 977 Baga
634 859 780 967 bisbat
792 863 852 930 de
857 854 997 971 Urgell
1014 870 1198 958 defunct
1185 896 1249 957 y
1266 866 1335 935 de
1342 868 1497 960 joana

381 971 469 1040 Dit
484 970 562 1035 dia
572 957 723 1037 rebere
736 970 795 1032 de
814 959 1013 1034 Climent
1010 957 1229 1065 fargues
1251 957 1497 1032 treballador
1509 959 1591 1028 del
1601 975 1730 1058 regne
1738 950 1802 1021 de
1797 938 1996 1044 frança

390 1064 617 1146 habitant
630 1097 697 1146 en
708 1038 970 1140 Barbera
992 1068 1065 1139 ab
1082 1055 1368 1166 Magdalena
1388 1062 1587 1161 donsella
1576 1062 1715 1151 filla
1731 1062 1786 1125 de
1801 1038 2025 1142 Montser=

392 1188 474 1231 rat
489 1145 676 1235 Planes
691 1165 883 1233 moliner
902 1167 964 1237 de
965 1138 1211 1238 Barbera
1232 1167 1422 1257 defunct
1424 1187 1481 1277 y
1489 1165 1557 1228 de
1610 1164 1674 1228 t

405 1258 478 1336 dit
491 1267 579 1333 dia
594 1253 739 1330 rebere
758 1264 813 1326 de
814 1269 975 1356 jaume
990 1239 1229 1328 Peramon
1246 1272 1447 1324 mariner
1457 1258 1523 1324 de
1540 1234 1703 1342 Bara
1678 1255 1800 1347 fill
1810 1258 1868 1322 de
1856 1251 2021 1347 Juan

401 1363 586 1461 Miquel
596 1339 836 1431 Peramon
850 1362 1051 1426 mariner
1039 1381 1105 1445 y
1116 1358 1173 1421 de
1192 1343 1384 1457 Antiga
1403 1348 1486 1419 ab
1494 1328 1741 1447 Raphela
1761 1348 1996 1447 donsella

383 1465 526 1557 filla
538 1469 593 1533 de
587 1462 727 1558 juan
747 1451 898 1524 Terre
918 1456 1105 1517 carnicer
1116 1463 1175 1517 de
1188 1430 1364 1539 Bara
1365 1453 1542 1536 defunct
1523 1477 1593 1538 y
1608 1447 1674 1510 de
1693 1428 1908 1512 Eularia

380 1556 481 1636 Dit
493 1568 584 1632 dia
601 1551 739 1629 rebere
761 1561 822 1620 de
833 1530 957 1618 Pere
949 1542 1134 1648 febrer
1138 1563 1321 1657 parxer
1342 1552 1398 1618 de
1408 1524 1575 1655 Bara
1554 1535 1669 1627 fill
1680 1546 1737 1606 de
1745 1519 1917 1606 Benet
1907 1537 2020 1634 Fe=

403 1652 498 1725 brer
493 1657 679 1753 fuster
664 1684 730 1746 y
744 1659 804 1725 de
823 1621 1020 1715 Beneta
1035 1652 1247 1741 defuncts
1271 1638 1353 1716 ab
1361 1622 1589 1735 Elisabeth
1595 1619 1764 1706 Anna
1772 1629 2014 1732 donsella

378 1761 519 1857 filla
533 1764 586 1825 de
587 1763 716 1853 juan
736 1745 894 1841 Querol
886 1749 1047 1839 sastre
1062 1749 1112 1814 de
1120 1738 1319 1835 Solsona
1304 1766 1366 1827 y
1376 1747 1425 1813 de
1436 1727 1668 1825 Elisabeth
1676 1738 1877 1818 defuncts

394 1845 598 1923 Divendres
616 1878 651 1914 a
660 1862 710 1916 2
727 1840 867 1912 rebere
884 1857 928 1907 de
913 1834 1020 1946 Jua
1035 1845 1180 1940 Viguet
1195 1836 1379 1932 blanquer
1392 1847 1445 1907 de
1448 1841 1659 1902 Mallorca
1678 1833 1877 1898 habitant
1889 1852 1973 1902 en

395 1933 552 2027 Bara
549 1937 672 2023 fill
675 1953 732 2011 de
739 1934 920 2012 Antoni
917 1937 1091 2031 Viguet
1099 1934 1309 2025 blanquer
1315 1934 1378 2008 de
1372 1918 1589 2008 Mallorca
1586 1941 1654 2019 y
1665 1930 1722 2002 de
1729 1908 2010 2019 Hieronyma

406 2041 618 2124 defuncta
637 2030 716 2102 ab
726 2022 975 2094 Antonina
985 2032 1134 2094 viuda
1147 2034 1209 2100 de
1226 2025 1405 2128 Gaspar
1415 2010 1604 2122 Alguer
1608 2025 1780 2140 forner
1785 2027 1847 2094 de
1839 2020 2072 2091 Mallorca

403 2134 577 2231 dissapte
599 2158 636 2201 a
648 2140 696 2201 3
700 2126 855 2204 rebere
856 2138 915 2204 de
915 2113 1033 2196 Pere
1042 2109 1238 2193 Ameller
1248 2125 1427 2192 texidor
1419 2140 1482 2196 de
1479 2133 1610 2196 llana
1623 2132 1696 2194 de
1712 2093 1876 2233 Bara
1842 2130 1975 2229 fill

408 2237 463 2298 de
493 2223 687 2294 Matheu
700 2206 908 2287 Ameller
920 2221 1103 2287 texidor
1109 2223 1168 2287 de
1176 2220 1310 2285 llana
1334 2230 1391 2291 de
1397 2202 1566 2325 Bara
1558 2241 1607 2324 y
1621 2220 1670 2284 de
1689 2197 1964 2312 Elisabeth

405 2326 622 2415 defuncta
648 2323 723 2389 ab
736 2309 961 2402 Elisabeth
981 2323 1178 2413 donsella
1167 2323 1319 2417 filla
1332 2324 1397 2392 de
1406 2298 1533 2389 Pere
1543 2320 1748 2382 Sabater
1761 2307 1971 2382 texidor

412 2435 460 2494 de
461 2433 613 2494 llana
639 2430 696 2494 de
704 2393 880 2525 Bara
877 2452 934 2532 y
931 2424 997 2494 de
999 2391 1202 2483 Paula

400 2526 471 2595 dit
489 2529 566 2590 dia
587 2517 727 2590 rebere
742 2533 791 2593 de
787 2523 921 2621 Juan
938 2512 1116 2607 Sunyol
1115 2528 1249 2615 pages
1264 2517 1323 2578 de
1332 2480 1598 2576 Badalona
1592 2500 1713 2595 fill
1727 2496 1780 2562 de
1775 2470 1881 2585 Jua
1896 2484 2061 2583 Sunyol

403 2638 543 2732 pages
569 2629 750 2711 defunct
752 2650 815 2709 y
828 2622 881 2686 de
902 2608 1188 2721 Margarida
1206 2608 1285 2679 ab
1296 2603 1532 2676 Catherina
1541 2598 1735 2707 donsella
1723 2598 1867 2695 filla
1889 2584 1964 2658 de

414 2724 584 2825 Gabriel
623 2711 793 2789 Nadal
814 2701 959 2788 Creus
969 2729 1106 2826 pages
1129 2717 1182 2785 de
1201 2697 1346 2807 Taya
1356 2734 1407 2821 y
1413 2711 1476 2775 de
1485 2699 1786 2809 Hieronyma

398 2820 478 2898 dit
495 2824 573 2893 dia
589 2813 743 2889 rebere
767 2831 824 2895 de
832 2794 959 2893 Pere
974 2817 1106 2884 Sala
1118 2831 1263 2925 pages
1278 2825 1337 2886 de
1350 2813 1510 2912 Taya
1514 2797 1631 2900 fill
1635 2813 1697 2877 de
1689 2804 1831 2902 Juan
1844 2803 1993 2875 Sala

410 2927 552 3038 pages
543 2955 604 3019 y
621 2924 679 2991 de
700 2902 908 3035 Angela
945 2920 1022 2989 ab
1046 2908 1361 3022 Magdalena
1378 2913 1586 3016 donsella
1583 2906 1732 3003 filla
1745 2908 1856 2979 dels
1869 2874 2029 2975 damut

406 3030 499 3105 dits

401 3106 485 3189 dit
506 3114 582 3180 dia
596 3093 753 3182 rebere
770 3114 824 3180 de
830 3109 971 3210 juan
963 3093 1114 3208 forti
1115 3111 1256 3210 pages
1277 3095 1357 3170 del
1365 3120 1501 3196 regne
1511 3100 1569 3162 de
1563 3092 1757 3185 frança
1777 3072 1969 3161 habitat

406 3232 472 3273 en
486 3197 746 3315 Argentona
763 3205 831 3266 ab
846 3195 1085 3266 Catherina
1113 3191 1325 3304 donsella
1314 3177 1467 3280 filla
1487 3193 1542 3259 de
1556 3170 1695 3255 Pere
1721 3183 1908 3304 Grimal
1900 3200 1996 3297 pa=

390 3319 494 3406 ges
518 3305 572 3362 de
592 3282 867 3406 Argentona
850 3328 919 3397 y
936 3291 995 3362 de
1021 3272 1245 3380 Elisabeth
1266 3286 1494 3381 defuncta
