2690 3794
384 266 605 395 Diumege
620 320 658 358 a
680 313 716 358 11
728 284 889 359 rebere
884 295 937 365 de
936 300 1108 399 Gabriel
1120 302 1294 394 Masos
1295 320 1499 404 parayre
1520 300 1718 368 habitant
1728 324 1796 365 en
1804 273 1996 392 Bara

405 393 536 453 viudo
551 389 625 457 ab
631 385 936 480 Maryangela
951 394 1144 482 donsella
1143 396 1279 476 filla
1297 396 1350 460 de
1364 393 1521 467 Vicens
1531 396 1668 467 Comes
1678 398 1848 466 sabater
1858 391 1913 457 de
1927 391 2019 458 Car=

408 486 513 543 dona
529 481 707 559 #
717 473 859 572 bisbat
873 482 926 545 de
929 475 1071 575 Urgell
1083 486 1263 567 defunct
1262 511 1324 570 y
1334 490 1387 554 de
1401 495 1555 579 juana

397 558 473 619 Dit
475 566 545 615 dia
557 558 686 619 rebere
693 564 740 620 de
751 549 844 622 Pere
858 569 1021 630 Serelles
1033 578 1160 628 torner
1167 573 1226 630 de
1232 549 1363 653 Bara
1360 574 1478 633 viudo
1511 567 1582 628 ab
1576 566 1731 651 Antiga
1736 573 1904 651 donsella
1899 560 2036 646 filla

410 652 450 709 de
464 638 647 709 Thomas
665 646 789 732 Cases
795 666 926 747 pages
940 661 989 714 de
1005 629 1151 729 Bara
1147 676 1194 729 y
1206 655 1257 714 de
1282 639 1441 716 Elienor
1449 655 1636 738 defuncta

401 729 476 797 Dit
481 735 558 795 dia
568 737 746 804 reberem
756 744 805 803 de
810 735 936 839 Diego
949 729 1127 803 Ramos
1131 746 1320 847 oripeller
1343 742 1424 810 del
1435 735 1601 842 Regne
1617 749 1670 812 de
1669 748 1869 814 Valentia
1884 740 1988 814 ab

406 820 664 907 Hieronyma
684 825 867 923 donsella
873 836 1001 911 filla
1022 839 1073 896 de
1070 836 1237 934 jaume
1258 830 1437 940 Monpeo
1442 856 1577 936 pages
1594 849 1644 903 de
1661 838 1843 907 Cervera
1855 809 1995 916 defuct

390 944 445 1002 y
455 926 504 988 de
524 917 772 985 Catherina

408 1005 484 1078 dit
494 1012 568 1071 dia
581 1000 735 1075 rebere
747 1018 800 1078 de
812 1014 932 1105 juan
949 1001 1157 1113 Sarinya
1170 1023 1313 1107 pages
1336 1000 1398 1069 del
1410 1018 1545 1100 regne
1559 1000 1610 1066 de
1602 998 1790 1087 frança
1810 994 2028 1066 habitant

412 1117 465 1163 en
485 1077 569 1163 St
550 1104 705 1197 feliu
721 1110 772 1170 de
795 1099 971 1174 Codines
990 1106 1062 1170 ab
1039 1104 1311 1201 francesca
1321 1097 1471 1167 viuda
1487 1099 1540 1163 de
1546 1077 1670 1163 Pere
1687 1099 1818 1183 Cases
1823 1108 2027 1194 parayre

408 1196 458 1260 de
472 1196 703 1286 Serdanya
717 1203 835 1264 mori
849 1222 909 1268 en
919 1200 1026 1269 dita
1035 1196 1294 1309 parrochia

403 1286 569 1345 Dimars
585 1308 619 1343 a
634 1285 699 1362 13
719 1277 856 1348 rebere
869 1290 925 1350 de
933 1281 1153 1372 Hieronym
1159 1267 1291 1347 Prats
1295 1299 1477 1381 parayre
1484 1283 1546 1341 de
1551 1252 1629 1342 St
1623 1262 1754 1341 Celoni
1743 1265 1848 1365 fill
1852 1271 1909 1342 de
1905 1237 2077 1351 franch

401 1357 549 1435 Prats
555 1389 744 1466 parayre
752 1393 803 1470 y
801 1375 861 1430 de
882 1357 1058 1432 Eularia
1081 1364 1276 1448 defuncts
1293 1366 1365 1430 ab
1364 1366 1581 1428 Catherina
1589 1368 1770 1451 donsella
1767 1366 1887 1448 filla
1905 1370 1988 1432 de

410 1463 562 1554 jaume
583 1463 722 1561 Gurri
734 1481 930 1561 parayre
949 1459 1129 1538 defunct
1145 1485 1190 1559 y
1187 1465 1251 1525 de
1273 1447 1493 1556 Elisabeth
1511 1465 1612 1527 tots
1639 1465 1692 1522 de
1693 1450 1765 1525 St
1762 1452 1900 1547 Celoni

395 1558 471 1619 Dit
477 1564 545 1617 dia
561 1551 692 1617 rebere
706 1566 750 1619 de
749 1536 862 1618 Pere
851 1555 991 1641 Juan
999 1532 1153 1638 Pastor
1156 1571 1276 1653 pages
1286 1557 1335 1614 de
1343 1551 1398 1614 la
1403 1548 1500 1614 vila
1513 1550 1608 1617 dels
1626 1546 1844 1617 homellons
1853 1551 1898 1610 de
1909 1528 2004 1610 Po=

420 1643 495 1706 blet
512 1642 764 1731 Archebisbat
775 1643 824 1704 de
832 1632 1099 1738 Tarragona
1094 1645 1201 1727 #
1211 1643 1265 1704 #
1267 1625 1380 1706 #
1392 1615 1538 1724 #
1540 1649 1675 1732 #
1687 1632 1883 1700 habitant
1895 1651 1991 1691 en

410 1739 456 1794 lo
459 1716 579 1796 Prat
578 1728 677 1823 fill
695 1737 746 1794 de
751 1707 889 1794 Pere
888 1711 1044 1827 Pastor
1052 1744 1187 1825 pages
1200 1728 1253 1790 de
1265 1730 1363 1789 dita
1360 1724 1467 1787 vila
1470 1748 1516 1819 y
1522 1731 1566 1787 de
1583 1712 1790 1805 Elisabeth
1806 1730 2017 1808 defuncta

405 1820 476 1890 ab
492 1816 755 1911 Hieronyma
765 1816 915 1882 viuda
933 1827 987 1880 de
1002 1793 1198 1880 Bernat
1202 1789 1382 1877 Badia
1388 1827 1530 1920 pages
1544 1809 1625 1879 del
1635 1786 1774 1880 Prat

394 1919 597 1992 Dimecres
618 1941 657 1981 a
678 1933 752 1994 14
771 1914 915 1987 rebere
927 1923 978 1983 de
990 1925 1101 2008 jordi
1117 1889 1385 2008 Bruguera
1397 1925 1584 1992 sabater
1602 1914 1683 1987 del
1689 1939 1818 2025 regne
1830 1921 1887 1987 de
1871 1923 2027 2017 frasa

406 2007 618 2079 habitant
631 2035 697 2079 en
713 1995 796 2073 St
776 2013 922 2104 Celoni
946 2011 1019 2075 ab
1024 1997 1248 2108 Elisabeth
1252 2013 1411 2073 viuda
1423 2013 1473 2079 de
1485 1997 1590 2086 Pere
1591 2020 1740 2116 Juan
1750 1989 1889 2086 Bori
1882 2022 2038 2113 sastre

401 2117 456 2178 de
461 2110 566 2176 dita
568 2108 679 2174 vila
693 2107 744 2169 de
758 2103 835 2174 St
829 2103 993 2201 Celoni

399 2193 473 2262 dit
479 2209 568 2262 dia
581 2199 714 2268 rebere
721 2204 770 2262 de
776 2177 948 2264 P#ere
964 2184 1166 2257 Nicolau
1172 2204 1298 2293 pages
1315 2189 1376 2252 de
1392 2184 1560 2255 llinars
1554 2189 1662 2273 fill
1676 2193 1726 2250 de
1729 2164 1855 2258 Pere
1858 2177 2047 2250 Nicolau

401 2299 543 2399 pages
551 2298 607 2356 de
620 2287 781 2373 llinars
780 2312 826 2389 y
829 2292 887 2351 de
902 2270 1117 2377 Elisabeth
1137 2285 1341 2367 defuncts
1345 2280 1421 2347 ab
1418 2267 1569 2347 Anna
1583 2276 1779 2378 donsella
1782 2281 1915 2371 filla
1931 2276 1988 2344 de

410 2402 564 2484 jaume
594 2381 720 2472 Cases
728 2400 869 2490 pages
896 2388 952 2445 de
966 2377 1214 2470 Montnegre
1226 2373 1406 2468 defunct
1401 2402 1458 2488 y
1460 2384 1523 2439 de
1554 2368 1779 2475 Miquela

390 2474 474 2542 Dit
481 2483 558 2544 dia
565 2472 701 2544 rebere
719 2485 768 2546 de
771 2471 1015 2576 francesch
1035 2444 1214 2533 Barax
1225 2485 1365 2578 pages
1375 2478 1426 2540 de
1453 2465 1575 2536 Corro
1589 2469 1737 2535 devall
1728 2458 1839 2553 fill
1845 2467 1902 2527 de
1914 2461 2023 2571 Gui=

406 2577 519 2636 llem
537 2548 731 2637 Barax
752 2562 930 2666 botiguer
942 2570 995 2630 de
1002 2545 1229 2673 Perpinya
1225 2590 1289 2659 y
1303 2566 1355 2632 de
1368 2546 1566 2665 Angela
1581 2571 1787 2657 defuncts
1789 2561 1869 2628 ab
1877 2557 2019 2621 Mar=

408 2667 595 2762 iangela
620 2662 807 2758 donsella
808 2662 945 2762 filla
962 2671 1015 2731 de
1022 2649 1140 2730 Pere
1159 2636 1279 2733 Bou
1288 2681 1422 2771 pages
1433 2669 1488 2731 de
1499 2672 1620 2735 Corro
1626 2660 1776 2728 devall
1760 2683 1818 2773 y
1821 2664 1876 2724 de
1879 2640 2038 2720 Paula

397 2759 476 2825 dit
483 2763 549 2819 dia
557 2755 686 2818 rebere
700 2763 755 2823 de
751 2759 889 2854 Juan
918 2746 1069 2814 Nadal
1068 2775 1185 2859 pages
1197 2763 1246 2816 de
1267 2750 1332 2819 St
1329 2752 1497 2819 Andreu
1496 2770 1551 2821 de
1561 2752 1817 2827 Llavaneres
1819 2744 1934 2845 fill
1931 2752 1991 2812 de

405 2824 673 2913 Barthomeu
691 2835 842 2908 Nadal
841 2858 976 2940 pages
986 2871 1028 2935 y
1031 2845 1081 2908 de
1091 2835 1287 2904 Antonia
1308 2844 1500 2933 defuncts
1511 2845 1577 2906 ab
1580 2824 1729 2910 Paula
1743 2844 1969 2929 donsella

394 2934 525 3025 filla
544 2946 591 3000 de
615 2928 846 3023 Hieronym
866 2925 1047 3028 Arenys
1046 2955 1090 3030 y
1117 2907 1339 3034 Barriga
1340 2954 1477 3041 pages
1498 2955 1555 3002 de
1552 2912 1789 3003 Badalona
1789 2954 1841 3038 y
1842 2941 1887 2996 de
1899 2917 2094 3025 Elisabeth

386 3026 469 3102 Dit
475 3035 560 3097 dia
568 3027 705 3097 rebere
721 3033 770 3097 de
763 3035 900 3119 Jua
905 3008 1155 3104 Palomeres
1167 3038 1359 3095 mariner
1377 3037 1426 3091 de
1435 3026 1569 3097 Canet
1581 3027 1720 3131 bisbat
1752 3038 1805 3097 de
1817 3026 1991 3135 Girona

394 3125 532 3194 viudo
559 3123 632 3191 ab
643 3105 858 3189 dorothea
877 3121 1064 3220 donsella
1061 3112 1207 3216 filla
1230 3125 1287 3189 de
1293 3118 1458 3211 jaume
1487 3111 1681 3184 Matheu
1685 3145 1729 3218 y
1752 3123 1891 3213 Segui
1886 3136 2023 3221 pages

406 3231 456 3292 de
470 3220 640 3281 Mataro
650 3242 703 3326 y
704 3220 761 3281 de
776 3220 844 3317 #
853 3195 1073 3301 Elisabeth
1092 3224 1265 3317 juana
1282 3213 1523 3304 defuncta
