<?xml version="1.0" encoding="utf-8"?>
<PcGts xmlns="http://schema.primaresearch.org/PAGE/gts/pagecontent/2013-07-15">
  <Metadata>
    <Creator>GeneraPageCompeition</Creator>
    <Created>2017-11-30T18:34:43Z</Created>
    <LastChange>2017-11-30T18:34:43Z</LastChange>
  </Metadata>
  <Page imageFilename="Volum_069_Registres_0014.jpg" imageHeight="3794" imageWidth="2690">
    <Property key="idPage" value="10364"/>
    <TextRegion id="Record1">
      <Coords points="0,0 0,0"/>
      <TextLine id="Record1_Line0">
        <Coords points="0,0 0,0"/>
        <Word id="Record1_Line0_Word0">
          <Property key="category" value="other"/>
          <Property key="person" value="none"/>
          <Coords points="428,266 611,266 611,365 428,365"/>
          <TextEquiv>
            <Unicode>Dissapte</Unicode>
          </TextEquiv>
        </Word>
        <Word id="Record1_Line0_Word1">
          <Property key="category" value="other"/>
          <Property key="person" value="none"/>
          <Coords points="611,295 647,295 647,336 611,336"/>
          <TextEquiv>
            <Unicode>a</Unicode>
          </TextEquiv>
        </Word>
        <Word id="Record1_Line0_Word2">
          <Property key="category" value="other"/>
          <Property key="person" value="none"/>
          <Coords points="661,283 706,283 706,351 661,351"/>
          <TextEquiv>
            <Unicode>3</Unicode>
          </TextEquiv>
        </Word>
        <Word id="Record1_Line0_Word3">
          <Property key="category" value="other"/>
          <Property key="person" value="none"/>
          <Coords points="726,270 864,270 864,343 726,343"/>
          <TextEquiv>
            <Unicode>rebere</Unicode>
          </TextEquiv>
        </Word>
        <Word id="Record1_Line0_Word4">
          <Property key="category" value="other"/>
          <Property key="person" value="none"/>
          <Coords points="875,291 925,291 925,342 875,342"/>
          <TextEquiv>
            <Unicode>de</Unicode>
          </TextEquiv>
        </Word>
        <Word id="Record1_Line0_Word5">
          <Property key="category" value="name"/>
          <Property key="person" value="husband"/>
          <Coords points="930,264 1100,264 1100,347 930,347"/>
          <TextEquiv>
            <Unicode>Bernat</Unicode>
          </TextEquiv>
        </Word>
        <Word id="Record1_Line0_Word6">
          <Property key="category" value="surname"/>
          <Property key="person" value="husband"/>
          <Coords points="1090,281 1283,281 1283,380 1090,380"/>
          <TextEquiv>
            <Unicode>flaquer</Unicode>
          </TextEquiv>
        </Word>
        <Word id="Record1_Line0_Word7">
          <Property key="category" value="occupation"/>
          <Property key="person" value="husband"/>
          <Coords points="1290,298 1491,298 1491,384 1290,384"/>
          <TextEquiv>
            <Unicode>apotecari</Unicode>
          </TextEquiv>
        </Word>
        <Word id="Record1_Line0_Word8">
          <Property key="category" value="other"/>
          <Property key="person" value="none"/>
          <Coords points="1502,297 1560,297 1560,355 1502,355"/>
          <TextEquiv>
            <Unicode>de</Unicode>
          </TextEquiv>
        </Word>
        <Word id="Record1_Line0_Word9">
          <Property key="category" value="location"/>
          <Property key="person" value="husband"/>
          <Coords points="1566,275 1711,275 1711,384 1566,384"/>
          <TextEquiv>
            <Unicode>Bara</Unicode>
          </TextEquiv>
        </Word>
        <Word id="Record1_Line0_Word10">
          <Property key="category" value="other"/>
          <Property key="person" value="none"/>
          <Coords points="1704,297 1792,297 1792,389 1704,389"/>
          <TextEquiv>
            <Unicode>fill</Unicode>
          </TextEquiv>
        </Word>
        <Word id="Record1_Line0_Word11">
          <Property key="category" value="other"/>
          <Property key="person" value="none"/>
          <Coords points="1795,304 1848,304 1848,367 1795,367"/>
          <TextEquiv>
            <Unicode>de</Unicode>
          </TextEquiv>
        </Word>
        <Word id="Record1_Line0_Word12">
          <Property key="category" value="name"/>
          <Property key="person" value="husbands_father"/>
          <Coords points="1858,283 2040,283 2040,369 1858,369"/>
          <TextEquiv>
            <Unicode>Bernat</Unicode>
          </TextEquiv>
        </Word>
      </TextLine>
      <TextLine id="Record1_Line1">
        <Coords points="0,0 0,0"/>
        <Word id="Record1_Line1_Word0">
          <Property key="category" value="surname"/>
          <Property key="person" value="husbands_father"/>
          <Coords points="428,364 628,364 628,455 428,455"/>
          <TextEquiv>
            <Unicode>flaquer</Unicode>
          </TextEquiv>
        </Word>
        <Word id="Record1_Line1_Word1">
          <Property key="category" value="occupation"/>
          <Property key="person" value="husbands_father"/>
          <Coords points="630,358 809,358 809,459 630,459"/>
          <TextEquiv>
            <Unicode>cilurgia</Unicode>
          </TextEquiv>
        </Word>
        <Word id="Record1_Line1_Word2">
          <Property key="category" value="other"/>
          <Property key="person" value="none"/>
          <Coords points="808,392 868,392 868,457 808,457"/>
          <TextEquiv>
            <Unicode>y</Unicode>
          </TextEquiv>
        </Word>
        <Word id="Record1_Line1_Word3">
          <Property key="category" value="other"/>
          <Property key="person" value="none"/>
          <Coords points="873,381 940,381 940,439 873,439"/>
          <TextEquiv>
            <Unicode>de</Unicode>
          </TextEquiv>
        </Word>
        <Word id="Record1_Line1_Word4">
          <Property key="category" value="name"/>
          <Property key="person" value="husbands_mother"/>
          <Coords points="946,360 1205,360 1205,459 946,459"/>
          <TextEquiv>
            <Unicode>Hieronyma</Unicode>
          </TextEquiv>
        </Word>
        <Word id="Record1_Line1_Word5">
          <Property key="category" value="other"/>
          <Property key="person" value="none"/>
          <Coords points="1208,388 1375,388 1375,445 1208,445"/>
          <TextEquiv>
            <Unicode>vivents</Unicode>
          </TextEquiv>
        </Word>
        <Word id="Record1_Line1_Word6">
          <Property key="category" value="other"/>
          <Property key="person" value="none"/>
          <Coords points="1403,377 1466,377 1466,445 1403,445"/>
          <TextEquiv>
            <Unicode>ab</Unicode>
          </TextEquiv>
        </Word>
        <Word id="Record1_Line1_Word7">
          <Property key="category" value="name"/>
          <Property key="person" value="wife"/>
          <Coords points="1467,375 1676,375 1676,474 1467,474"/>
          <TextEquiv>
            <Unicode>francisca</Unicode>
          </TextEquiv>
        </Word>
        <Word id="Record1_Line1_Word8">
          <Property key="category" value="state"/>
          <Property key="person" value="wife"/>
          <Coords points="1685,385 1865,385 1865,470 1685,470"/>
          <TextEquiv>
            <Unicode>donsella</Unicode>
          </TextEquiv>
        </Word>
        <Word id="Record1_Line1_Word9">
          <Property key="category" value="other"/>
          <Property key="person" value="none"/>
          <Coords points="1856,385 1975,385 1975,472 1856,472"/>
          <TextEquiv>
            <Unicode>filla</Unicode>
          </TextEquiv>
        </Word>
        <Word id="Record1_Line1_Word10">
          <Property key="category" value="other"/>
          <Property key="person" value="none"/>
          <Coords points="1982,381 2042,381 2042,453 1982,453"/>
          <TextEquiv>
            <Unicode>de</Unicode>
          </TextEquiv>
        </Word>
      </TextLine>
      <TextLine id="Record1_Line2">
        <Coords points="0,0 0,0"/>
        <Word id="Record1_Line2_Word0">
          <Property key="category" value="name"/>
          <Property key="person" value="wifes_father"/>
          <Coords points="465,465 628,465 628,566 465,566"/>
          <TextEquiv>
            <Unicode>Miquel</Unicode>
          </TextEquiv>
        </Word>
        <Word id="Record1_Line2_Word1">
          <Property key="category" value="surname"/>
          <Property key="person" value="wifes_father"/>
          <Coords points="652,454 780,454 780,529 652,529"/>
          <TextEquiv>
            <Unicode>Vives</Unicode>
          </TextEquiv>
        </Word>
        <Word id="Record1_Line2_Word2">
          <Property key="category" value="occupation"/>
          <Property key="person" value="wifes_father"/>
          <Coords points="795,457 979,457 979,549 795,549"/>
          <TextEquiv>
            <Unicode>cilurgia</Unicode>
          </TextEquiv>
        </Word>
        <Word id="Record1_Line2_Word3">
          <Property key="category" value="other"/>
          <Property key="person" value="none"/>
          <Coords points="995,473 1047,473 1047,529 995,529"/>
          <TextEquiv>
            <Unicode>de</Unicode>
          </TextEquiv>
        </Word>
        <Word id="Record1_Line2_Word4">
          <Property key="category" value="location"/>
          <Property key="person" value="wifes_father"/>
          <Coords points="1057,452 1196,452 1196,546 1057,546"/>
          <TextEquiv>
            <Unicode>Bara</Unicode>
          </TextEquiv>
        </Word>
        <Word id="Record1_Line2_Word5">
          <Property key="category" value="other"/>
          <Property key="person" value="none"/>
          <Coords points="1200,476 1346,476 1346,535 1200,535"/>
          <TextEquiv>
            <Unicode>vivent</Unicode>
          </TextEquiv>
        </Word>
        <Word id="Record1_Line2_Word6">
          <Property key="category" value="other"/>
          <Property key="person" value="none"/>
          <Coords points="1338,496 1394,496 1394,552 1338,552"/>
          <TextEquiv>
            <Unicode>y</Unicode>
          </TextEquiv>
        </Word>
        <Word id="Record1_Line2_Word7">
          <Property key="category" value="other"/>
          <Property key="person" value="none"/>
          <Coords points="1397,475 1455,475 1455,537 1397,537"/>
          <TextEquiv>
            <Unicode>de</Unicode>
          </TextEquiv>
        </Word>
        <Word id="Record1_Line2_Word8">
          <Property key="category" value="name"/>
          <Property key="person" value="wifes_mother"/>
          <Coords points="1457,463 1732,463 1732,560 1457,560"/>
          <TextEquiv>
            <Unicode>Hieronyma</Unicode>
          </TextEquiv>
        </Word>
      </TextLine>
    </TextRegion>
    <TextRegion id="Record2">
      <Coords points="0,0 0,0"/>
      <TextLine id="Record2_Line0">
        <Coords points="0,0 0,0"/>
        <Word id="Record2_Line0_Word0">
          <Property key="category" value="other"/>
          <Property key="person" value="none"/>
          <Coords points="455,551 519,551 519,621 455,621"/>
          <TextEquiv>
            <Unicode>dit</Unicode>
          </TextEquiv>
        </Word>
        <Word id="Record2_Line0_Word1">
          <Property key="category" value="other"/>
          <Property key="person" value="none"/>
          <Coords points="535,559 603,559 603,625 535,625"/>
          <TextEquiv>
            <Unicode>dia</Unicode>
          </TextEquiv>
        </Word>
        <Word id="Record2_Line0_Word2">
          <Property key="category" value="other"/>
          <Property key="person" value="none"/>
          <Coords points="619,545 773,545 773,627 619,627"/>
          <TextEquiv>
            <Unicode>rebere</Unicode>
          </TextEquiv>
        </Word>
        <Word id="Record2_Line0_Word3">
          <Property key="category" value="other"/>
          <Property key="person" value="none"/>
          <Coords points="779,565 834,565 834,623 779,623"/>
          <TextEquiv>
            <Unicode>de</Unicode>
          </TextEquiv>
        </Word>
        <Word id="Record2_Line0_Word4">
          <Property key="category" value="name"/>
          <Property key="person" value="husband"/>
          <Coords points="1054,534 1217,534 1217,648 1054,648"/>
          <TextEquiv>
            <Unicode>Baster</Unicode>
          </TextEquiv>
        </Word>
        <Word id="Record2_Line0_Word5">
          <Property key="category" value="occupation"/>
          <Property key="person" value="husband"/>
          <Coords points="1233,557 1400,557 1400,623 1233,623"/>
          <TextEquiv>
            <Unicode>texidor</Unicode>
          </TextEquiv>
        </Word>
        <Word id="Record2_Line0_Word6">
          <Property key="category" value="occupation"/>
          <Property key="person" value="husband"/>
          <Coords points="1401,551 1461,551 1461,621 1401,621"/>
          <TextEquiv>
            <Unicode>de</Unicode>
          </TextEquiv>
        </Word>
        <Word id="Record2_Line0_Word7">
          <Property key="category" value="occupation"/>
          <Property key="person" value="husband"/>
          <Coords points="1471,557 1611,557 1611,623 1471,623"/>
          <TextEquiv>
            <Unicode>llana</Unicode>
          </TextEquiv>
        </Word>
        <Word id="Record2_Line0_Word8">
          <Property key="category" value="other"/>
          <Property key="person" value="none"/>
          <Coords points="1620,565 1680,565 1680,627 1620,627"/>
          <TextEquiv>
            <Unicode>de</Unicode>
          </TextEquiv>
        </Word>
        <Word id="Record2_Line0_Word9">
          <Property key="category" value="location"/>
          <Property key="person" value="husband"/>
          <Coords points="1689,551 1888,551 1888,629 1689,629"/>
          <TextEquiv>
            <Unicode>Sabadell</Unicode>
          </TextEquiv>
        </Word>
        <Word id="Record2_Line0_Word10">
          <Property key="category" value="other"/>
          <Property key="person" value="none"/>
          <Coords points="1883,561 1979,561 1979,652 1883,652"/>
          <TextEquiv>
            <Unicode>fill</Unicode>
          </TextEquiv>
        </Word>
        <Word id="Record2_Line0_Word11">
          <Property key="category" value="other"/>
          <Property key="person" value="none"/>
          <Coords points="1980,565 2046,565 2046,629 1980,629"/>
          <TextEquiv>
            <Unicode>de</Unicode>
          </TextEquiv>
        </Word>
      </TextLine>
      <TextLine id="Record2_Line1">
        <Coords points="0,0 0,0"/>
        <Word id="Record2_Line1_Word0">
          <Property key="category" value="name"/>
          <Property key="person" value="husbands_father"/>
          <Coords points="749,630 939,630 939,756 749,756"/>
          <TextEquiv>
            <Unicode>Baster</Unicode>
          </TextEquiv>
        </Word>
      </TextLine>
    </TextRegion>
    <TextRegion id="Record3">
      <Coords points="0,0 0,0"/>
      <TextLine id="Record3_Line0">
        <Coords points="0,0 0,0"/>
        <Word id="Record3_Line0_Word0">
          <Property key="category" value="other"/>
          <Property key="person" value="none"/>
          <Coords points="453,827 527,827 527,901 453,901"/>
          <TextEquiv>
            <Unicode>dit</Unicode>
          </TextEquiv>
        </Word>
        <Word id="Record3_Line0_Word1">
          <Property key="category" value="other"/>
          <Property key="person" value="none"/>
          <Coords points="531,825 616,825 616,895 531,895"/>
          <TextEquiv>
            <Unicode>dia</Unicode>
          </TextEquiv>
        </Word>
        <Word id="Record3_Line0_Word2">
          <Property key="category" value="other"/>
          <Property key="person" value="none"/>
          <Coords points="627,825 773,825 773,901 627,901"/>
          <TextEquiv>
            <Unicode>rebere</Unicode>
          </TextEquiv>
        </Word>
        <Word id="Record3_Line0_Word3">
          <Property key="category" value="other"/>
          <Property key="person" value="none"/>
          <Coords points="781,837 839,837 839,901 781,901"/>
          <TextEquiv>
            <Unicode>de</Unicode>
          </TextEquiv>
        </Word>
        <Word id="Record3_Line0_Word4">
          <Property key="category" value="name"/>
          <Property key="person" value="husband"/>
          <Coords points="833,835 969,835 969,930 833,930"/>
          <TextEquiv>
            <Unicode>Juan</Unicode>
          </TextEquiv>
        </Word>
        <Word id="Record3_Line0_Word5">
          <Property key="category" value="surname"/>
          <Property key="person" value="husband"/>
          <Coords points="981,837 1120,837 1120,905 981,905"/>
          <TextEquiv>
            <Unicode>Sorts</Unicode>
          </TextEquiv>
        </Word>
        <Word id="Record3_Line0_Word6">
          <Property key="category" value="occupation"/>
          <Property key="person" value="husband"/>
          <Coords points="1119,860 1243,860 1243,943 1119,943"/>
          <TextEquiv>
            <Unicode>pages</Unicode>
          </TextEquiv>
        </Word>
        <Word id="Record3_Line0_Word7">
          <Property key="category" value="other"/>
          <Property key="person" value="none"/>
          <Coords points="1254,852 1308,852 1308,913 1254,913"/>
          <TextEquiv>
            <Unicode>de</Unicode>
          </TextEquiv>
        </Word>
        <Word id="Record3_Line0_Word8">
          <Property key="category" value="location"/>
          <Property key="person" value="husband"/>
          <Coords points="1324,839 1482,839 1482,913 1324,913"/>
          <TextEquiv>
            <Unicode>Alella</Unicode>
          </TextEquiv>
        </Word>
        <Word id="Record3_Line0_Word9">
          <Property key="category" value="other"/>
          <Property key="person" value="none"/>
          <Coords points="1482,843 1590,843 1590,941 1482,941"/>
          <TextEquiv>
            <Unicode>fill</Unicode>
          </TextEquiv>
        </Word>
        <Word id="Record3_Line0_Word10">
          <Property key="category" value="other"/>
          <Property key="person" value="none"/>
          <Coords points="1597,852 1648,852 1648,914 1597,914"/>
          <TextEquiv>
            <Unicode>de</Unicode>
          </TextEquiv>
        </Word>
        <Word id="Record3_Line0_Word11">
          <Property key="category" value="name"/>
          <Property key="person" value="husbands_father"/>
          <Coords points="1656,844 1829,844 1829,916 1656,916"/>
          <TextEquiv>
            <Unicode>Antoni</Unicode>
          </TextEquiv>
        </Word>
        <Word id="Record3_Line0_Word12">
          <Property key="category" value="surname"/>
          <Property key="person" value="husbands_father"/>
          <Coords points="1835,850 2004,850 2004,924 1835,924"/>
          <TextEquiv>
            <Unicode>Sorts</Unicode>
          </TextEquiv>
        </Word>
      </TextLine>
      <TextLine id="Record3_Line1">
        <Coords points="0,0 0,0"/>
        <Word id="Record3_Line1_Word0">
          <Property key="category" value="occupation"/>
          <Property key="person" value="husbands_father"/>
          <Coords points="462,946 599,946 599,1039 462,1039"/>
          <TextEquiv>
            <Unicode>pages</Unicode>
          </TextEquiv>
        </Word>
        <Word id="Record3_Line1_Word1">
          <Property key="category" value="other"/>
          <Property key="person" value="none"/>
          <Coords points="611,934 670,934 670,999 611,999"/>
          <TextEquiv>
            <Unicode>de</Unicode>
          </TextEquiv>
        </Word>
        <Word id="Record3_Line1_Word2">
          <Property key="category" value="location"/>
          <Property key="person" value="husbands_father"/>
          <Coords points="680,929 786,929 786,997 680,997"/>
          <TextEquiv>
            <Unicode>dita</Unicode>
          </TextEquiv>
        </Word>
        <Word id="Record3_Line1_Word3">
          <Property key="category" value="location"/>
          <Property key="person" value="husbands_father"/>
          <Coords points="785,931 1022,931 1022,1031 785,1031"/>
          <TextEquiv>
            <Unicode>parrochia</Unicode>
          </TextEquiv>
        </Word>
        <Word id="Record3_Line1_Word4">
          <Property key="category" value="other"/>
          <Property key="person" value="none"/>
          <Coords points="1048,932 1228,932 1228,1028 1048,1028"/>
          <TextEquiv>
            <Unicode>defunct</Unicode>
          </TextEquiv>
        </Word>
        <Word id="Record3_Line1_Word5">
          <Property key="category" value="other"/>
          <Property key="person" value="none"/>
          <Coords points="1231,967 1283,967 1283,1026 1231,1026"/>
          <TextEquiv>
            <Unicode>y</Unicode>
          </TextEquiv>
        </Word>
        <Word id="Record3_Line1_Word6">
          <Property key="category" value="other"/>
          <Property key="person" value="none"/>
          <Coords points="1301,948 1360,948 1360,1004 1301,1004"/>
          <TextEquiv>
            <Unicode>de</Unicode>
          </TextEquiv>
        </Word>
        <Word id="Record3_Line1_Word7">
          <Property key="category" value="name"/>
          <Property key="person" value="husbands_mother"/>
          <Coords points="1380,929 1598,929 1598,1022 1380,1022"/>
          <TextEquiv>
            <Unicode>Elisabeth</Unicode>
          </TextEquiv>
        </Word>
        <Word id="Record3_Line1_Word8">
          <Property key="category" value="other"/>
          <Property key="person" value="none"/>
          <Coords points="1610,950 1674,950 1674,1010 1610,1010"/>
          <TextEquiv>
            <Unicode>ab</Unicode>
          </TextEquiv>
        </Word>
        <Word id="Record3_Line1_Word9">
          <Property key="category" value="name"/>
          <Property key="person" value="wife"/>
          <Coords points="1689,944 1932,944 1932,1010 1689,1010"/>
          <TextEquiv>
            <Unicode>Catherina</Unicode>
          </TextEquiv>
        </Word>
        <Word id="Record3_Line1_Word10">
          <Property key="category" value="state"/>
          <Property key="person" value="wife"/>
          <Coords points="1954,925 2027,925 2027,1006 1954,1006"/>
          <TextEquiv>
            <Unicode>do=</Unicode>
          </TextEquiv>
        </Word>
      </TextLine>
      <TextLine id="Record3_Line2">
        <Coords points="0,0 0,0"/>
        <Word id="Record3_Line2_Word0">
          <Property key="category" value="state"/>
          <Property key="person" value="wife"/>
          <Coords points="440,1032 578,1032 578,1131 440,1131"/>
          <TextEquiv>
            <Unicode>sella</Unicode>
          </TextEquiv>
        </Word>
        <Word id="Record3_Line2_Word1">
          <Property key="category" value="other"/>
          <Property key="person" value="none"/>
          <Coords points="596,1023 717,1023 717,1116 596,1116"/>
          <TextEquiv>
            <Unicode>filla</Unicode>
          </TextEquiv>
        </Word>
        <Word id="Record3_Line2_Word2">
          <Property key="category" value="other"/>
          <Property key="person" value="none"/>
          <Coords points="737,1032 780,1032 780,1093 737,1093"/>
          <TextEquiv>
            <Unicode>de</Unicode>
          </TextEquiv>
        </Word>
        <Word id="Record3_Line2_Word3">
          <Property key="category" value="name"/>
          <Property key="person" value="wifes_father"/>
          <Coords points="793,996 916,996 916,1087 793,1087"/>
          <TextEquiv>
            <Unicode>Pere</Unicode>
          </TextEquiv>
        </Word>
        <Word id="Record3_Line2_Word4">
          <Property key="category" value="surname"/>
          <Property key="person" value="wifes_father"/>
          <Coords points="933,1013 1141,1013 1141,1125 933,1125"/>
          <TextEquiv>
            <Unicode>Anglada</Unicode>
          </TextEquiv>
        </Word>
        <Word id="Record3_Line2_Word5">
          <Property key="category" value="occupation"/>
          <Property key="person" value="wifes_father"/>
          <Coords points="1149,1044 1285,1044 1285,1138 1149,1138"/>
          <TextEquiv>
            <Unicode>pages</Unicode>
          </TextEquiv>
        </Word>
        <Word id="Record3_Line2_Word6">
          <Property key="category" value="other"/>
          <Property key="person" value="none"/>
          <Coords points="1290,1036 1348,1036 1348,1100 1290,1100"/>
          <TextEquiv>
            <Unicode>de</Unicode>
          </TextEquiv>
        </Word>
        <Word id="Record3_Line2_Word7">
          <Property key="category" value="location"/>
          <Property key="person" value="wifes_father"/>
          <Coords points="1372,1028 1499,1028 1499,1119 1372,1119"/>
          <TextEquiv>
            <Unicode>Taya</Unicode>
          </TextEquiv>
        </Word>
        <Word id="Record3_Line2_Word8">
          <Property key="category" value="other"/>
          <Property key="person" value="none"/>
          <Coords points="1519,1032 1678,1032 1678,1117 1519,1117"/>
          <TextEquiv>
            <Unicode>defunct</Unicode>
          </TextEquiv>
        </Word>
        <Word id="Record3_Line2_Word9">
          <Property key="category" value="other"/>
          <Property key="person" value="none"/>
          <Coords points="1664,1063 1729,1063 1729,1131 1664,1131"/>
          <TextEquiv>
            <Unicode>y</Unicode>
          </TextEquiv>
        </Word>
        <Word id="Record3_Line2_Word10">
          <Property key="category" value="other"/>
          <Property key="person" value="none"/>
          <Coords points="1738,1042 1802,1042 1802,1104 1738,1104"/>
          <TextEquiv>
            <Unicode>de</Unicode>
          </TextEquiv>
        </Word>
        <Word id="Record3_Line2_Word11">
          <Property key="category" value="name"/>
          <Property key="person" value="wifes_mother"/>
          <Coords points="1812,1013 1960,1013 1960,1108 1812,1108"/>
          <TextEquiv>
            <Unicode>Paula</Unicode>
          </TextEquiv>
        </Word>
      </TextLine>
    </TextRegion>
    <TextRegion id="Record4">
      <Coords points="0,0 0,0"/>
      <TextLine id="Record4_Line0">
        <Coords points="0,0 0,0"/>
        <Word id="Record4_Line0_Word0">
          <Property key="category" value="other"/>
          <Property key="person" value="none"/>
          <Coords points="463,1115 517,1115 517,1185 463,1185"/>
          <TextEquiv>
            <Unicode>dit</Unicode>
          </TextEquiv>
        </Word>
        <Word id="Record4_Line0_Word1">
          <Property key="category" value="other"/>
          <Property key="person" value="none"/>
          <Coords points="526,1120 590,1120 590,1181 526,1181"/>
          <TextEquiv>
            <Unicode>dia</Unicode>
          </TextEquiv>
        </Word>
        <Word id="Record4_Line0_Word2">
          <Property key="category" value="other"/>
          <Property key="person" value="none"/>
          <Coords points="608,1103 759,1103 759,1185 608,1185"/>
          <TextEquiv>
            <Unicode>rebere</Unicode>
          </TextEquiv>
        </Word>
        <Word id="Record4_Line0_Word3">
          <Property key="category" value="other"/>
          <Property key="person" value="none"/>
          <Coords points="764,1128 822,1128 822,1188 764,1188"/>
          <TextEquiv>
            <Unicode>de</Unicode>
          </TextEquiv>
        </Word>
        <Word id="Record4_Line0_Word4">
          <Property key="category" value="name"/>
          <Property key="person" value="husband"/>
          <Coords points="825,1091 933,1091 933,1191 825,1191"/>
          <TextEquiv>
            <Unicode>Pau</Unicode>
          </TextEquiv>
        </Word>
        <Word id="Record4_Line0_Word5">
          <Property key="category" value="surname"/>
          <Property key="person" value="husband"/>
          <Coords points="940,1116 1103,1116 1103,1191 940,1191"/>
          <TextEquiv>
            <Unicode>Darder</Unicode>
          </TextEquiv>
        </Word>
        <Word id="Record4_Line0_Word6">
          <Property key="category" value="occupation"/>
          <Property key="person" value="husband"/>
          <Coords points="1113,1129 1243,1129 1243,1197 1113,1197"/>
          <TextEquiv>
            <Unicode>corder</Unicode>
          </TextEquiv>
        </Word>
        <Word id="Record4_Line0_Word7">
          <Property key="category" value="other"/>
          <Property key="person" value="none"/>
          <Coords points="1252,1138 1308,1138 1308,1192 1252,1192"/>
          <TextEquiv>
            <Unicode>de</Unicode>
          </TextEquiv>
        </Word>
        <Word id="Record4_Line0_Word8">
          <Property key="category" value="location"/>
          <Property key="person" value="husband"/>
          <Coords points="1316,1118 1465,1118 1465,1221 1316,1221"/>
          <TextEquiv>
            <Unicode>Bara</Unicode>
          </TextEquiv>
        </Word>
        <Word id="Record4_Line0_Word9">
          <Property key="category" value="other"/>
          <Property key="person" value="none"/>
          <Coords points="1439,1130 1560,1130 1560,1223 1439,1223"/>
          <TextEquiv>
            <Unicode>fill</Unicode>
          </TextEquiv>
        </Word>
        <Word id="Record4_Line0_Word10">
          <Property key="category" value="other"/>
          <Property key="person" value="none"/>
          <Coords points="1557,1141 1615,1141 1615,1198 1557,1198"/>
          <TextEquiv>
            <Unicode>de</Unicode>
          </TextEquiv>
        </Word>
        <Word id="Record4_Line0_Word11">
          <Property key="category" value="name"/>
          <Property key="person" value="husbands_father"/>
          <Coords points="1609,1127 1843,1127 1843,1238 1609,1238"/>
          <TextEquiv>
            <Unicode>francesch</Unicode>
          </TextEquiv>
        </Word>
        <Word id="Record4_Line0_Word12">
          <Property key="category" value="surname"/>
          <Property key="person" value="husbands_father"/>
          <Coords points="1852,1128 2024,1128 2024,1203 1852,1203"/>
          <TextEquiv>
            <Unicode>Darder</Unicode>
          </TextEquiv>
        </Word>
      </TextLine>
      <TextLine id="Record4_Line1">
        <Coords points="0,0 0,0"/>
        <Word id="Record4_Line1_Word0">
          <Property key="category" value="occupation"/>
          <Property key="person" value="husbands_father"/>
          <Coords points="460,1212 596,1212 596,1276 460,1276"/>
          <TextEquiv>
            <Unicode>corder</Unicode>
          </TextEquiv>
        </Word>
        <Word id="Record4_Line1_Word1">
          <Property key="category" value="other"/>
          <Property key="person" value="none"/>
          <Coords points="602,1237 653,1237 653,1301 602,1301"/>
          <TextEquiv>
            <Unicode>y</Unicode>
          </TextEquiv>
        </Word>
        <Word id="Record4_Line1_Word2">
          <Property key="category" value="other"/>
          <Property key="person" value="none"/>
          <Coords points="665,1216 719,1216 719,1278 665,1278"/>
          <TextEquiv>
            <Unicode>de</Unicode>
          </TextEquiv>
        </Word>
        <Word id="Record4_Line1_Word3">
          <Property key="category" value="name"/>
          <Property key="person" value="husbands_mother"/>
          <Coords points="723,1196 930,1196 930,1301 723,1301"/>
          <TextEquiv>
            <Unicode>Elisabeth</Unicode>
          </TextEquiv>
        </Word>
        <Word id="Record4_Line1_Word4">
          <Property key="category" value="other"/>
          <Property key="person" value="none"/>
          <Coords points="945,1216 1017,1216 1017,1284 945,1284"/>
          <TextEquiv>
            <Unicode>ab</Unicode>
          </TextEquiv>
        </Word>
        <Word id="Record4_Line1_Word5">
          <Property key="category" value="name"/>
          <Property key="person" value="wife"/>
          <Coords points="1031,1212 1251,1212 1251,1288 1031,1288"/>
          <TextEquiv>
            <Unicode>Madrona</Unicode>
          </TextEquiv>
        </Word>
        <Word id="Record4_Line1_Word6">
          <Property key="category" value="state"/>
          <Property key="person" value="wife"/>
          <Coords points="1264,1218 1435,1218 1435,1315 1264,1315"/>
          <TextEquiv>
            <Unicode>donsella</Unicode>
          </TextEquiv>
        </Word>
        <Word id="Record4_Line1_Word7">
          <Property key="category" value="other"/>
          <Property key="person" value="none"/>
          <Coords points="1433,1211 1560,1211 1560,1311 1433,1311"/>
          <TextEquiv>
            <Unicode>filla</Unicode>
          </TextEquiv>
        </Word>
        <Word id="Record4_Line1_Word8">
          <Property key="category" value="other"/>
          <Property key="person" value="none"/>
          <Coords points="1572,1228 1625,1228 1625,1292 1572,1292"/>
          <TextEquiv>
            <Unicode>de</Unicode>
          </TextEquiv>
        </Word>
        <Word id="Record4_Line1_Word9">
          <Property key="category" value="name"/>
          <Property key="person" value="wifes_father"/>
          <Coords points="1647,1209 1838,1209 1838,1290 1647,1290"/>
          <TextEquiv>
            <Unicode>Bernat</Unicode>
          </TextEquiv>
        </Word>
        <Word id="Record4_Line1_Word10">
          <Property key="category" value="surname"/>
          <Property key="person" value="wifes_father"/>
          <Coords points="1848,1215 2027,1215 2027,1337 1848,1337"/>
          <TextEquiv>
            <Unicode>Garces</Unicode>
          </TextEquiv>
        </Word>
      </TextLine>
      <TextLine id="Record4_Line2">
        <Coords points="0,0 0,0"/>
        <Word id="Record4_Line2_Word0">
          <Property key="category" value="occupation"/>
          <Property key="person" value="wifes_father"/>
          <Coords points="463,1309 620,1309 620,1411 463,1411"/>
          <TextEquiv>
            <Unicode>tapiner</Unicode>
          </TextEquiv>
        </Word>
        <Word id="Record4_Line2_Word1">
          <Property key="category" value="other"/>
          <Property key="person" value="none"/>
          <Coords points="640,1310 702,1310 702,1369 640,1369"/>
          <TextEquiv>
            <Unicode>de</Unicode>
          </TextEquiv>
        </Word>
        <Word id="Record4_Line2_Word2">
          <Property key="category" value="location"/>
          <Property key="person" value="wifes_father"/>
          <Coords points="699,1295 830,1295 830,1393 699,1393"/>
          <TextEquiv>
            <Unicode>bara</Unicode>
          </TextEquiv>
        </Word>
        <Word id="Record4_Line2_Word3">
          <Property key="category" value="other"/>
          <Property key="person" value="none"/>
          <Coords points="823,1316 978,1316 978,1378 823,1378"/>
          <TextEquiv>
            <Unicode>vivent</Unicode>
          </TextEquiv>
        </Word>
        <Word id="Record4_Line2_Word4">
          <Property key="category" value="other"/>
          <Property key="person" value="none"/>
          <Coords points="966,1337 1028,1337 1028,1396 966,1396"/>
          <TextEquiv>
            <Unicode>y</Unicode>
          </TextEquiv>
        </Word>
        <Word id="Record4_Line2_Word5">
          <Property key="category" value="other"/>
          <Property key="person" value="none"/>
          <Coords points="1035,1318 1091,1318 1091,1376 1035,1376"/>
          <TextEquiv>
            <Unicode>de</Unicode>
          </TextEquiv>
        </Word>
        <Word id="Record4_Line2_Word6">
          <Property key="category" value="name"/>
          <Property key="person" value="wifes_mother"/>
          <Coords points="1110,1306 1361,1306 1361,1409 1110,1409"/>
          <TextEquiv>
            <Unicode>Maryanna</Unicode>
          </TextEquiv>
        </Word>
      </TextLine>
    </TextRegion>
    <TextRegion id="Record5">
      <Coords points="0,0 0,0"/>
      <TextLine id="Record5_Line0">
        <Coords points="0,0 0,0"/>
        <Word id="Record5_Line0_Word0">
          <Property key="category" value="other"/>
          <Property key="person" value="none"/>
          <Coords points="452,1397 519,1397 519,1475 452,1475"/>
          <TextEquiv>
            <Unicode>dit</Unicode>
          </TextEquiv>
        </Word>
        <Word id="Record5_Line0_Word1">
          <Property key="category" value="other"/>
          <Property key="person" value="none"/>
          <Coords points="523,1399 601,1399 601,1470 523,1470"/>
          <TextEquiv>
            <Unicode>dia</Unicode>
          </TextEquiv>
        </Word>
        <Word id="Record5_Line0_Word2">
          <Property key="category" value="other"/>
          <Property key="person" value="none"/>
          <Coords points="606,1397 768,1397 768,1470 606,1470"/>
          <TextEquiv>
            <Unicode>rebere</Unicode>
          </TextEquiv>
        </Word>
        <Word id="Record5_Line0_Word3">
          <Property key="category" value="other"/>
          <Property key="person" value="none"/>
          <Coords points="770,1405 831,1405 831,1467 770,1467"/>
          <TextEquiv>
            <Unicode>de</Unicode>
          </TextEquiv>
        </Word>
        <Word id="Record5_Line0_Word4">
          <Property key="category" value="name"/>
          <Property key="person" value="husband"/>
          <Coords points="850,1375 960,1375 960,1472 850,1472"/>
          <TextEquiv>
            <Unicode>Pau</Unicode>
          </TextEquiv>
        </Word>
        <Word id="Record5_Line0_Word5">
          <Property key="category" value="surname"/>
          <Property key="person" value="husband"/>
          <Coords points="981,1392 1166,1392 1166,1472 981,1472"/>
          <TextEquiv>
            <Unicode>Novell</Unicode>
          </TextEquiv>
        </Word>
        <Word id="Record5_Line0_Word6">
          <Property key="category" value="occupation"/>
          <Property key="person" value="husband"/>
          <Coords points="1170,1414 1451,1414 1451,1528 1170,1528"/>
          <TextEquiv>
            <Unicode>passamaner</Unicode>
          </TextEquiv>
        </Word>
        <Word id="Record5_Line0_Word7">
          <Property key="category" value="other"/>
          <Property key="person" value="none"/>
          <Coords points="1453,1419 1520,1419 1520,1475 1453,1475"/>
          <TextEquiv>
            <Unicode>de</Unicode>
          </TextEquiv>
        </Word>
        <Word id="Record5_Line0_Word8">
          <Property key="category" value="location"/>
          <Property key="person" value="husband"/>
          <Coords points="1524,1386 1687,1386 1687,1500 1524,1500"/>
          <TextEquiv>
            <Unicode>Bara</Unicode>
          </TextEquiv>
        </Word>
        <Word id="Record5_Line0_Word9">
          <Property key="category" value="other"/>
          <Property key="person" value="none"/>
          <Coords points="1664,1405 1794,1405 1794,1505 1664,1505"/>
          <TextEquiv>
            <Unicode>fill</Unicode>
          </TextEquiv>
        </Word>
        <Word id="Record5_Line0_Word10">
          <Property key="category" value="other"/>
          <Property key="person" value="none"/>
          <Coords points="1793,1405 1849,1405 1849,1483 1793,1483"/>
          <TextEquiv>
            <Unicode>de</Unicode>
          </TextEquiv>
        </Word>
        <Word id="Record5_Line0_Word11">
          <Property key="category" value="name"/>
          <Property key="person" value="husbands_father"/>
          <Coords points="1862,1377 2005,1377 2005,1481 1862,1481"/>
          <TextEquiv>
            <Unicode>Pere</Unicode>
          </TextEquiv>
        </Word>
      </TextLine>
      <TextLine id="Record5_Line1">
        <Coords points="0,0 0,0"/>
        <Word id="Record5_Line1_Word0">
          <Property key="category" value="surname"/>
          <Property key="person" value="husbands_father"/>
          <Coords points="455,1485 637,1485 637,1574 455,1574"/>
          <TextEquiv>
            <Unicode>Novell</Unicode>
          </TextEquiv>
        </Word>
        <Word id="Record5_Line1_Word1">
          <Property key="category" value="occupation"/>
          <Property key="person" value="husbands_father"/>
          <Coords points="641,1499 936,1499 936,1613 641,1613"/>
          <TextEquiv>
            <Unicode>passamaner</Unicode>
          </TextEquiv>
        </Word>
        <Word id="Record5_Line1_Word2">
          <Property key="category" value="other"/>
          <Property key="person" value="none"/>
          <Coords points="946,1493 1114,1493 1114,1591 946,1591"/>
          <TextEquiv>
            <Unicode>defunct</Unicode>
          </TextEquiv>
        </Word>
        <Word id="Record5_Line1_Word3">
          <Property key="category" value="other"/>
          <Property key="person" value="none"/>
          <Coords points="1105,1535 1174,1535 1174,1607 1105,1607"/>
          <TextEquiv>
            <Unicode>y</Unicode>
          </TextEquiv>
        </Word>
        <Word id="Record5_Line1_Word4">
          <Property key="category" value="other"/>
          <Property key="person" value="none"/>
          <Coords points="1179,1518 1240,1518 1240,1580 1179,1580"/>
          <TextEquiv>
            <Unicode>de</Unicode>
          </TextEquiv>
        </Word>
        <Word id="Record5_Line1_Word5">
          <Property key="category" value="name"/>
          <Property key="person" value="husbands_mother"/>
          <Coords points="1253,1491 1525,1491 1525,1605 1253,1605"/>
          <TextEquiv>
            <Unicode>Hieronyma</Unicode>
          </TextEquiv>
        </Word>
        <Word id="Record5_Line1_Word6">
          <Property key="category" value="other"/>
          <Property key="person" value="none"/>
          <Coords points="1554,1507 1624,1507 1624,1574 1554,1574"/>
          <TextEquiv>
            <Unicode>ab</Unicode>
          </TextEquiv>
        </Word>
        <Word id="Record5_Line1_Word7">
          <Property key="category" value="name"/>
          <Property key="person" value="wife"/>
          <Coords points="1639,1502 1865,1502 1865,1610 1639,1610"/>
          <TextEquiv>
            <Unicode>Elisabeth</Unicode>
          </TextEquiv>
        </Word>
        <Word id="Record5_Line1_Word8">
          <Property key="category" value="state"/>
          <Property key="person" value="wife"/>
          <Coords points="1870,1507 2057,1507 2057,1610 1870,1610"/>
          <TextEquiv>
            <Unicode>donsella</Unicode>
          </TextEquiv>
        </Word>
      </TextLine>
      <TextLine id="Record5_Line2">
        <Coords points="0,0 0,0"/>
        <Word id="Record5_Line2_Word0">
          <Property key="category" value="other"/>
          <Property key="person" value="none"/>
          <Coords points="447,1587 579,1587 579,1698 447,1698"/>
          <TextEquiv>
            <Unicode>filla</Unicode>
          </TextEquiv>
        </Word>
        <Word id="Record5_Line2_Word1">
          <Property key="category" value="other"/>
          <Property key="person" value="none"/>
          <Coords points="600,1617 658,1617 658,1674 600,1674"/>
          <TextEquiv>
            <Unicode>de</Unicode>
          </TextEquiv>
        </Word>
        <Word id="Record5_Line2_Word2">
          <Property key="category" value="name"/>
          <Property key="person" value="wifes_father"/>
          <Coords points="663,1579 859,1579 859,1671 663,1671"/>
          <TextEquiv>
            <Unicode>Antoni</Unicode>
          </TextEquiv>
        </Word>
        <Word id="Record5_Line2_Word3">
          <Property key="category" value="surname"/>
          <Property key="person" value="wifes_father"/>
          <Coords points="866,1593 1062,1593 1062,1701 866,1701"/>
          <TextEquiv>
            <Unicode>Mestre</Unicode>
          </TextEquiv>
        </Word>
        <Word id="Record5_Line2_Word4">
          <Property key="category" value="occupation"/>
          <Property key="person" value="wifes_father"/>
          <Coords points="1085,1606 1243,1606 1243,1701 1085,1701"/>
          <TextEquiv>
            <Unicode>mestre</Unicode>
          </TextEquiv>
        </Word>
        <Word id="Record5_Line2_Word5">
          <Property key="category" value="occupation"/>
          <Property key="person" value="wifes_father"/>
          <Coords points="1250,1609 1308,1609 1308,1682 1250,1682"/>
          <TextEquiv>
            <Unicode>de</Unicode>
          </TextEquiv>
        </Word>
        <Word id="Record5_Line2_Word6">
          <Property key="category" value="occupation"/>
          <Property key="person" value="wifes_father"/>
          <Coords points="1316,1623 1421,1623 1421,1668 1316,1668"/>
          <TextEquiv>
            <Unicode>axa</Unicode>
          </TextEquiv>
        </Word>
        <Word id="Record5_Line2_Word7">
          <Property key="category" value="other"/>
          <Property key="person" value="none"/>
          <Coords points="1434,1604 1550,1604 1550,1698 1434,1698"/>
          <TextEquiv>
            <Unicode>#</Unicode>
          </TextEquiv>
        </Word>
        <Word id="Record5_Line2_Word8">
          <Property key="category" value="other"/>
          <Property key="person" value="none"/>
          <Coords points="1527,1626 1596,1626 1596,1704 1527,1704"/>
          <TextEquiv>
            <Unicode>y</Unicode>
          </TextEquiv>
        </Word>
        <Word id="Record5_Line2_Word9">
          <Property key="category" value="other"/>
          <Property key="person" value="none"/>
          <Coords points="1587,1593 1640,1593 1640,1646 1587,1646"/>
          <TextEquiv>
            <Unicode>de</Unicode>
          </TextEquiv>
        </Word>
        <Word id="Record5_Line2_Word10">
          <Property key="category" value="name"/>
          <Property key="person" value="wifes_mother"/>
          <Coords points="1576,1598 1794,1598 1794,1715 1576,1715"/>
          <TextEquiv>
            <Unicode>Angela</Unicode>
          </TextEquiv>
        </Word>
        <Word id="Record5_Line2_Word11">
          <Property key="category" value="other"/>
          <Property key="person" value="none"/>
          <Coords points="1804,1584 2054,1584 2054,1715 1804,1715"/>
          <TextEquiv>
            <Unicode>defuncts</Unicode>
          </TextEquiv>
        </Word>
      </TextLine>
    </TextRegion>
    <TextRegion id="Record6">
      <Coords points="0,0 0,0"/>
      <TextLine id="Record6_Line0">
        <Coords points="0,0 0,0"/>
        <Word id="Record6_Line0_Word0">
          <Property key="category" value="other"/>
          <Property key="person" value="none"/>
          <Coords points="452,1686 641,1686 641,1792 452,1792"/>
          <TextEquiv>
            <Unicode>Diumenge</Unicode>
          </TextEquiv>
        </Word>
        <Word id="Record6_Line0_Word1">
          <Property key="category" value="other"/>
          <Property key="person" value="none"/>
          <Coords points="655,1723 694,1723 694,1764 655,1764"/>
          <TextEquiv>
            <Unicode>a</Unicode>
          </TextEquiv>
        </Word>
        <Word id="Record6_Line0_Word2">
          <Property key="category" value="other"/>
          <Property key="person" value="none"/>
          <Coords points="717,1717 760,1717 760,1773 717,1773"/>
          <TextEquiv>
            <Unicode>4</Unicode>
          </TextEquiv>
        </Word>
        <Word id="Record6_Line0_Word3">
          <Property key="category" value="other"/>
          <Property key="person" value="none"/>
          <Coords points="774,1691 937,1691 937,1770 774,1770"/>
          <TextEquiv>
            <Unicode>rebere</Unicode>
          </TextEquiv>
        </Word>
        <Word id="Record6_Line0_Word4">
          <Property key="category" value="other"/>
          <Property key="person" value="none"/>
          <Coords points="934,1699 994,1699 994,1760 934,1760"/>
          <TextEquiv>
            <Unicode>de</Unicode>
          </TextEquiv>
        </Word>
        <Word id="Record6_Line0_Word5">
          <Property key="category" value="name"/>
          <Property key="person" value="husband"/>
          <Coords points="1004,1680 1114,1680 1114,1766 1004,1766"/>
          <TextEquiv>
            <Unicode>Pere</Unicode>
          </TextEquiv>
        </Word>
        <Word id="Record6_Line0_Word6">
          <Property key="category" value="surname"/>
          <Property key="person" value="husband"/>
          <Coords points="1127,1682 1348,1682 1348,1802 1127,1802"/>
          <TextEquiv>
            <Unicode>Bascans</Unicode>
          </TextEquiv>
        </Word>
        <Word id="Record6_Line0_Word7">
          <Property key="category" value="occupation"/>
          <Property key="person" value="husband"/>
          <Coords points="1356,1706 1527,1706 1527,1773 1356,1773"/>
          <TextEquiv>
            <Unicode>texidor</Unicode>
          </TextEquiv>
        </Word>
        <Word id="Record6_Line0_Word8">
          <Property key="category" value="occupation"/>
          <Property key="person" value="husband"/>
          <Coords points="1532,1714 1589,1714 1589,1775 1532,1775"/>
          <TextEquiv>
            <Unicode>de</Unicode>
          </TextEquiv>
        </Word>
        <Word id="Record6_Line0_Word9">
          <Property key="category" value="occupation"/>
          <Property key="person" value="husband"/>
          <Coords points="1600,1703 1666,1703 1666,1770 1600,1770"/>
          <TextEquiv>
            <Unicode>lli</Unicode>
          </TextEquiv>
        </Word>
        <Word id="Record6_Line0_Word10">
          <Property key="category" value="location"/>
          <Property key="person" value="husband"/>
          <Coords points="1652,1705 1853,1705 1853,1794 1652,1794"/>
          <TextEquiv>
            <Unicode>frances</Unicode>
          </TextEquiv>
        </Word>
        <Word id="Record6_Line0_Word11">
          <Property key="category" value="other"/>
          <Property key="person" value="none"/>
          <Coords points="1863,1686 2047,1686 2047,1783 1863,1783"/>
          <TextEquiv>
            <Unicode>habitat</Unicode>
          </TextEquiv>
        </Word>
      </TextLine>
      <TextLine id="Record6_Line1">
        <Coords points="0,0 0,0"/>
        <Word id="Record6_Line1_Word0">
          <Property key="category" value="other"/>
          <Property key="person" value="none"/>
          <Coords points="455,1808 525,1808 525,1864 455,1864"/>
          <TextEquiv>
            <Unicode>en</Unicode>
          </TextEquiv>
        </Word>
        <Word id="Record6_Line1_Word1">
          <Property key="category" value="location"/>
          <Property key="person" value="husband"/>
          <Coords points="544,1776 711,1776 711,1887 544,1887"/>
          <TextEquiv>
            <Unicode>Bara</Unicode>
          </TextEquiv>
        </Word>
        <Word id="Record6_Line1_Word2">
          <Property key="category" value="other"/>
          <Property key="person" value="none"/>
          <Coords points="708,1786 796,1786 796,1861 708,1861"/>
          <TextEquiv>
            <Unicode>ab</Unicode>
          </TextEquiv>
        </Word>
        <Word id="Record6_Line1_Word3">
          <Property key="category" value="name"/>
          <Property key="person" value="wife"/>
          <Coords points="802,1772 1044,1772 1044,1889 802,1889"/>
          <TextEquiv>
            <Unicode>Elisabeth</Unicode>
          </TextEquiv>
        </Word>
        <Word id="Record6_Line1_Word4">
          <Property key="category" value="other"/>
          <Property key="person" value="none"/>
          <Coords points="1062,1767 1162,1767 1162,1863 1062,1863"/>
          <TextEquiv>
            <Unicode>#</Unicode>
          </TextEquiv>
        </Word>
        <Word id="Record6_Line1_Word5">
          <Property key="category" value="state"/>
          <Property key="person" value="wife"/>
          <Coords points="1166,1795 1352,1795 1352,1899 1166,1899"/>
          <TextEquiv>
            <Unicode>donsella</Unicode>
          </TextEquiv>
        </Word>
        <Word id="Record6_Line1_Word6">
          <Property key="category" value="other"/>
          <Property key="person" value="none"/>
          <Coords points="1353,1791 1489,1791 1489,1887 1353,1887"/>
          <TextEquiv>
            <Unicode>filla</Unicode>
          </TextEquiv>
        </Word>
        <Word id="Record6_Line1_Word7">
          <Property key="category" value="other"/>
          <Property key="person" value="none"/>
          <Coords points="1502,1807 1565,1807 1565,1870 1502,1870"/>
          <TextEquiv>
            <Unicode>de</Unicode>
          </TextEquiv>
        </Word>
        <Word id="Record6_Line1_Word8">
          <Property key="category" value="name"/>
          <Property key="person" value="wifes_father"/>
          <Coords points="1551,1807 1702,1807 1702,1901 1551,1901"/>
          <TextEquiv>
            <Unicode>Juan</Unicode>
          </TextEquiv>
        </Word>
        <Word id="Record6_Line1_Word9">
          <Property key="category" value="surname"/>
          <Property key="person" value="wifes_father"/>
          <Coords points="1707,1788 1919,1788 1919,1880 1707,1880"/>
          <TextEquiv>
            <Unicode>Baxera</Unicode>
          </TextEquiv>
        </Word>
        <Word id="Record6_Line1_Word10">
          <Property key="category" value="occupation"/>
          <Property key="person" value="wifes_father"/>
          <Coords points="1933,1826 2015,1826 2015,1870 1933,1870"/>
          <TextEquiv>
            <Unicode>te=</Unicode>
          </TextEquiv>
        </Word>
      </TextLine>
      <TextLine id="Record6_Line2">
        <Coords points="0,0 0,0"/>
        <Word id="Record6_Line2_Word0">
          <Property key="category" value="occupation"/>
          <Property key="person" value="wifes_father"/>
          <Coords points="450,1894 592,1894 592,1959 450,1959"/>
          <TextEquiv>
            <Unicode>xidor</Unicode>
          </TextEquiv>
        </Word>
        <Word id="Record6_Line2_Word1">
          <Property key="category" value="occupation"/>
          <Property key="person" value="wifes_father"/>
          <Coords points="604,1898 666,1898 666,1965 604,1965"/>
          <TextEquiv>
            <Unicode>de</Unicode>
          </TextEquiv>
        </Word>
        <Word id="Record6_Line2_Word2">
          <Property key="category" value="occupation"/>
          <Property key="person" value="wifes_father"/>
          <Coords points="678,1890 741,1890 741,1959 678,1959"/>
          <TextEquiv>
            <Unicode>lli</Unicode>
          </TextEquiv>
        </Word>
        <Word id="Record6_Line2_Word3">
          <Property key="category" value="other"/>
          <Property key="person" value="none"/>
          <Coords points="759,1884 960,1884 960,1963 759,1963"/>
          <TextEquiv>
            <Unicode>habitant</Unicode>
          </TextEquiv>
        </Word>
        <Word id="Record6_Line2_Word4">
          <Property key="category" value="other"/>
          <Property key="person" value="none"/>
          <Coords points="964,1911 1029,1911 1029,1961 964,1961"/>
          <TextEquiv>
            <Unicode>en</Unicode>
          </TextEquiv>
        </Word>
        <Word id="Record6_Line2_Word5">
          <Property key="category" value="location"/>
          <Property key="person" value="wifes_father"/>
          <Coords points="1047,1873 1207,1873 1207,1984 1047,1984"/>
          <TextEquiv>
            <Unicode>Bara</Unicode>
          </TextEquiv>
        </Word>
        <Word id="Record6_Line2_Word6">
          <Property key="category" value="other"/>
          <Property key="person" value="none"/>
          <Coords points="1191,1919 1252,1919 1252,1986 1191,1986"/>
          <TextEquiv>
            <Unicode>y</Unicode>
          </TextEquiv>
        </Word>
        <Word id="Record6_Line2_Word7">
          <Property key="category" value="other"/>
          <Property key="person" value="none"/>
          <Coords points="1264,1901 1329,1901 1329,1965 1264,1965"/>
          <TextEquiv>
            <Unicode>de</Unicode>
          </TextEquiv>
        </Word>
        <Word id="Record6_Line2_Word8">
          <Property key="category" value="name"/>
          <Property key="person" value="wifes_mother"/>
          <Coords points="1351,1890 1521,1890 1521,1963 1351,1963"/>
          <TextEquiv>
            <Unicode>Sicilia</Unicode>
          </TextEquiv>
        </Word>
        <Word id="Record6_Line2_Word9">
          <Property key="category" value="other"/>
          <Property key="person" value="none"/>
          <Coords points="1541,1896 1757,1896 1757,1997 1541,1997"/>
          <TextEquiv>
            <Unicode>defuncta</Unicode>
          </TextEquiv>
        </Word>
      </TextLine>
    </TextRegion>
    <TextRegion id="Record7">
      <Coords points="0,0 0,0"/>
      <TextLine id="Record7_Line0">
        <Coords points="0,0 0,0"/>
        <Word id="Record7_Line0_Word0">
          <Property key="category" value="other"/>
          <Property key="person" value="none"/>
          <Coords points="450,1981 519,1981 519,2050 450,2050"/>
          <TextEquiv>
            <Unicode>dit</Unicode>
          </TextEquiv>
        </Word>
        <Word id="Record7_Line0_Word1">
          <Property key="category" value="other"/>
          <Property key="person" value="none"/>
          <Coords points="524,1996 605,1996 605,2056 524,2056"/>
          <TextEquiv>
            <Unicode>dia</Unicode>
          </TextEquiv>
        </Word>
        <Word id="Record7_Line0_Word2">
          <Property key="category" value="other"/>
          <Property key="person" value="none"/>
          <Coords points="604,1985 769,1985 769,2060 604,2060"/>
          <TextEquiv>
            <Unicode>rebere</Unicode>
          </TextEquiv>
        </Word>
        <Word id="Record7_Line0_Word3">
          <Property key="category" value="other"/>
          <Property key="person" value="none"/>
          <Coords points="778,1998 834,1998 834,2063 778,2063"/>
          <TextEquiv>
            <Unicode>de</Unicode>
          </TextEquiv>
        </Word>
        <Word id="Record7_Line0_Word4">
          <Property key="category" value="name"/>
          <Property key="person" value="husband"/>
          <Coords points="851,1986 1009,1986 1009,2060 851,2060"/>
          <TextEquiv>
            <Unicode>Claudi</Unicode>
          </TextEquiv>
        </Word>
        <Word id="Record7_Line0_Word5">
          <Property key="category" value="surname"/>
          <Property key="person" value="husband"/>
          <Coords points="1027,1994 1188,1994 1188,2097 1027,2097"/>
          <TextEquiv>
            <Unicode>Casals</Unicode>
          </TextEquiv>
        </Word>
        <Word id="Record7_Line0_Word6">
          <Property key="category" value="occupation"/>
          <Property key="person" value="husband"/>
          <Coords points="1189,2003 1348,2003 1348,2090 1189,2090"/>
          <TextEquiv>
            <Unicode>mestre</Unicode>
          </TextEquiv>
        </Word>
        <Word id="Record7_Line0_Word7">
          <Property key="category" value="occupation"/>
          <Property key="person" value="husband"/>
          <Coords points="1370,2005 1421,2005 1421,2067 1370,2067"/>
          <TextEquiv>
            <Unicode>de</Unicode>
          </TextEquiv>
        </Word>
        <Word id="Record7_Line0_Word8">
          <Property key="category" value="occupation"/>
          <Property key="person" value="husband"/>
          <Coords points="1424,2002 1540,2002 1540,2096 1424,2096"/>
          <TextEquiv>
            <Unicode>cases</Unicode>
          </TextEquiv>
        </Word>
        <Word id="Record7_Line0_Word9">
          <Property key="category" value="other"/>
          <Property key="person" value="none"/>
          <Coords points="1545,1998 1651,1998 1651,2094 1545,2094"/>
          <TextEquiv>
            <Unicode>fill</Unicode>
          </TextEquiv>
        </Word>
        <Word id="Record7_Line0_Word10">
          <Property key="category" value="other"/>
          <Property key="person" value="none"/>
          <Coords points="1654,2005 1708,2005 1708,2069 1654,2069"/>
          <TextEquiv>
            <Unicode>de</Unicode>
          </TextEquiv>
        </Word>
        <Word id="Record7_Line0_Word11">
          <Property key="category" value="name"/>
          <Property key="person" value="husbands_father"/>
          <Coords points="1722,1994 1925,1994 1925,2069 1722,2069"/>
          <TextEquiv>
            <Unicode>Mathia</Unicode>
          </TextEquiv>
        </Word>
        <Word id="Record7_Line0_Word12">
          <Property key="category" value="surname"/>
          <Property key="person" value="husbands_father"/>
          <Coords points="1946,1998 2036,1998 2036,2069 1946,2069"/>
          <TextEquiv>
            <Unicode>Ca=</Unicode>
          </TextEquiv>
        </Word>
      </TextLine>
      <TextLine id="Record7_Line1">
        <Coords points="0,0 0,0"/>
        <Word id="Record7_Line1_Word0">
          <Property key="category" value="surname"/>
          <Property key="person" value="husbands_father"/>
          <Coords points="422,2093 555,2093 555,2190 422,2190"/>
          <TextEquiv>
            <Unicode>sals</Unicode>
          </TextEquiv>
        </Word>
        <Word id="Record7_Line1_Word1">
          <Property key="category" value="occupation"/>
          <Property key="person" value="husbands_father"/>
          <Coords points="565,2102 777,2102 777,2204 565,2204"/>
          <TextEquiv>
            <Unicode>pastisser</Unicode>
          </TextEquiv>
        </Word>
        <Word id="Record7_Line1_Word2">
          <Property key="category" value="other"/>
          <Property key="person" value="none"/>
          <Coords points="795,2098 847,2098 847,2164 795,2164"/>
          <TextEquiv>
            <Unicode>de</Unicode>
          </TextEquiv>
        </Word>
        <Word id="Record7_Line1_Word3">
          <Property key="category" value="location"/>
          <Property key="person" value="husbands_father"/>
          <Coords points="859,2076 1020,2076 1020,2183 859,2183"/>
          <TextEquiv>
            <Unicode>Bara</Unicode>
          </TextEquiv>
        </Word>
        <Word id="Record7_Line1_Word4">
          <Property key="category" value="other"/>
          <Property key="person" value="none"/>
          <Coords points="1006,2121 1067,2121 1067,2190 1006,2190"/>
          <TextEquiv>
            <Unicode>y</Unicode>
          </TextEquiv>
        </Word>
        <Word id="Record7_Line1_Word5">
          <Property key="category" value="other"/>
          <Property key="person" value="none"/>
          <Coords points="1074,2098 1135,2098 1135,2166 1074,2166"/>
          <TextEquiv>
            <Unicode>de</Unicode>
          </TextEquiv>
        </Word>
        <Word id="Record7_Line1_Word6">
          <Property key="category" value="name"/>
          <Property key="person" value="husbands_mother"/>
          <Coords points="1153,2091 1412,2091 1412,2168 1153,2168"/>
          <TextEquiv>
            <Unicode>Catherina</Unicode>
          </TextEquiv>
        </Word>
        <Word id="Record7_Line1_Word7">
          <Property key="category" value="other"/>
          <Property key="person" value="none"/>
          <Coords points="1445,2096 1527,2096 1527,2170 1445,2170"/>
          <TextEquiv>
            <Unicode>ab</Unicode>
          </TextEquiv>
        </Word>
        <Word id="Record7_Line1_Word8">
          <Property key="category" value="name"/>
          <Property key="person" value="wife"/>
          <Coords points="1539,2085 1740,2085 1740,2183 1539,2183"/>
          <TextEquiv>
            <Unicode>Elisabeth</Unicode>
          </TextEquiv>
        </Word>
        <Word id="Record7_Line1_Word9">
          <Property key="category" value="other"/>
          <Property key="person" value="none"/>
          <Coords points="1749,2093 1806,2093 1806,2166 1749,2166"/>
          <TextEquiv>
            <Unicode>#</Unicode>
          </TextEquiv>
        </Word>
        <Word id="Record7_Line1_Word10">
          <Property key="category" value="state"/>
          <Property key="person" value="wife"/>
          <Coords points="1811,2098 1960,2098 1960,2166 1811,2166"/>
          <TextEquiv>
            <Unicode>viuda</Unicode>
          </TextEquiv>
        </Word>
        <Word id="Record7_Line1_Word11">
          <Property key="category" value="other"/>
          <Property key="person" value="none"/>
          <Coords points="1974,2098 2040,2098 2040,2164 1974,2164"/>
          <TextEquiv>
            <Unicode>de</Unicode>
          </TextEquiv>
        </Word>
      </TextLine>
      <TextLine id="Record7_Line2">
        <Coords points="0,0 0,0"/>
        <Word id="Record7_Line2_Word0">
          <Property key="category" value="name"/>
          <Property key="person" value="other_person"/>
          <Coords points="425,2201 573,2201 573,2304 425,2304"/>
          <TextEquiv>
            <Unicode>Juan</Unicode>
          </TextEquiv>
        </Word>
        <Word id="Record7_Line2_Word1">
          <Property key="category" value="surname"/>
          <Property key="person" value="other_person"/>
          <Coords points="595,2176 869,2176 869,2273 595,2273"/>
          <TextEquiv>
            <Unicode>Baldrich</Unicode>
          </TextEquiv>
        </Word>
        <Word id="Record7_Line2_Word2">
          <Property key="category" value="occupation"/>
          <Property key="person" value="wife"/>
          <Coords points="878,2197 1018,2197 1018,2270 878,2270"/>
          <TextEquiv>
            <Unicode>veler</Unicode>
          </TextEquiv>
        </Word>
        <Word id="Record7_Line2_Word3">
          <Property key="category" value="other"/>
          <Property key="person" value="none"/>
          <Coords points="1032,2206 1093,2206 1093,2270 1032,2270"/>
          <TextEquiv>
            <Unicode>de</Unicode>
          </TextEquiv>
        </Word>
        <Word id="Record7_Line2_Word4">
          <Property key="category" value="location"/>
          <Property key="person" value="wife"/>
          <Coords points="1119,2169 1301,2169 1301,2292 1119,2292"/>
          <TextEquiv>
            <Unicode>Bara</Unicode>
          </TextEquiv>
        </Word>
      </TextLine>
    </TextRegion>
    <TextRegion id="Record8">
      <Coords points="0,0 0,0"/>
      <TextLine id="Record8_Line0">
        <Coords points="0,0 0,0"/>
        <Word id="Record8_Line0_Word0">
          <Property key="category" value="other"/>
          <Property key="person" value="none"/>
          <Coords points="448,2299 523,2299 523,2368 448,2368"/>
          <TextEquiv>
            <Unicode>dit</Unicode>
          </TextEquiv>
        </Word>
        <Word id="Record8_Line0_Word1">
          <Property key="category" value="other"/>
          <Property key="person" value="none"/>
          <Coords points="535,2301 607,2301 607,2366 535,2366"/>
          <TextEquiv>
            <Unicode>dia</Unicode>
          </TextEquiv>
        </Word>
        <Word id="Record8_Line0_Word2">
          <Property key="category" value="other"/>
          <Property key="person" value="none"/>
          <Coords points="631,2293 777,2293 777,2366 631,2366"/>
          <TextEquiv>
            <Unicode>rebere</Unicode>
          </TextEquiv>
        </Word>
        <Word id="Record8_Line0_Word3">
          <Property key="category" value="other"/>
          <Property key="person" value="none"/>
          <Coords points="780,2309 832,2309 832,2370 780,2370"/>
          <TextEquiv>
            <Unicode>de</Unicode>
          </TextEquiv>
        </Word>
        <Word id="Record8_Line0_Word4">
          <Property key="category" value="name"/>
          <Property key="person" value="husband"/>
          <Coords points="848,2274 964,2274 964,2368 848,2368"/>
          <TextEquiv>
            <Unicode>Pau</Unicode>
          </TextEquiv>
        </Word>
        <Word id="Record8_Line0_Word5">
          <Property key="category" value="surname"/>
          <Property key="person" value="husband"/>
          <Coords points="968,2301 1113,2301 1113,2395 968,2395"/>
          <TextEquiv>
            <Unicode>foix</Unicode>
          </TextEquiv>
        </Word>
        <Word id="Record8_Line0_Word6">
          <Property key="category" value="occupation"/>
          <Property key="person" value="husband"/>
          <Coords points="1130,2295 1327,2295 1327,2368 1130,2368"/>
          <TextEquiv>
            <Unicode>sabater</Unicode>
          </TextEquiv>
        </Word>
        <Word id="Record8_Line0_Word7">
          <Property key="category" value="other"/>
          <Property key="person" value="none"/>
          <Coords points="1336,2291 1553,2291 1553,2368 1336,2368"/>
          <TextEquiv>
            <Unicode>habitant</Unicode>
          </TextEquiv>
        </Word>
        <Word id="Record8_Line0_Word8">
          <Property key="category" value="other"/>
          <Property key="person" value="none"/>
          <Coords points="1564,2320 1627,2320 1627,2366 1564,2366"/>
          <TextEquiv>
            <Unicode>en</Unicode>
          </TextEquiv>
        </Word>
        <Word id="Record8_Line0_Word9">
          <Property key="category" value="location"/>
          <Property key="person" value="husband"/>
          <Coords points="1632,2295 1861,2295 1861,2368 1632,2368"/>
          <TextEquiv>
            <Unicode>Vilanova</Unicode>
          </TextEquiv>
        </Word>
        <Word id="Record8_Line0_Word10">
          <Property key="category" value="location"/>
          <Property key="person" value="husband"/>
          <Coords points="1875,2301 1940,2301 1940,2365 1875,2365"/>
          <TextEquiv>
            <Unicode>de</Unicode>
          </TextEquiv>
        </Word>
        <Word id="Record8_Line0_Word11">
          <Property key="category" value="location"/>
          <Property key="person" value="husband"/>
          <Coords points="1956,2290 2053,2290 2053,2363 1956,2363"/>
          <TextEquiv>
            <Unicode>cu=</Unicode>
          </TextEquiv>
        </Word>
      </TextLine>
      <TextLine id="Record8_Line1">
        <Coords points="0,0 0,0"/>
        <Word id="Record8_Line1_Word0">
          <Property key="category" value="location"/>
          <Property key="person" value="husband"/>
          <Coords points="452,2388 585,2388 585,2463 452,2463"/>
          <TextEquiv>
            <Unicode>belles</Unicode>
          </TextEquiv>
        </Word>
        <Word id="Record8_Line1_Word1">
          <Property key="category" value="other"/>
          <Property key="person" value="none"/>
          <Coords points="571,2394 685,2394 685,2499 571,2499"/>
          <TextEquiv>
            <Unicode>fill</Unicode>
          </TextEquiv>
        </Word>
        <Word id="Record8_Line1_Word2">
          <Property key="category" value="other"/>
          <Property key="person" value="none"/>
          <Coords points="701,2407 760,2407 760,2467 701,2467"/>
          <TextEquiv>
            <Unicode>de</Unicode>
          </TextEquiv>
        </Word>
        <Word id="Record8_Line1_Word3">
          <Property key="category" value="name"/>
          <Property key="person" value="husbands_father"/>
          <Coords points="763,2375 943,2375 943,2465 763,2465"/>
          <TextEquiv>
            <Unicode>Arnau</Unicode>
          </TextEquiv>
        </Word>
        <Word id="Record8_Line1_Word4">
          <Property key="category" value="surname"/>
          <Property key="person" value="husbands_father"/>
          <Coords points="932,2398 1080,2398 1080,2499 932,2499"/>
          <TextEquiv>
            <Unicode>foix</Unicode>
          </TextEquiv>
        </Word>
        <Word id="Record8_Line1_Word5">
          <Property key="category" value="occupation"/>
          <Property key="person" value="husbands_father"/>
          <Coords points="1091,2392 1207,2392 1207,2465 1091,2465"/>
          <TextEquiv>
            <Unicode>boter</Unicode>
          </TextEquiv>
        </Word>
        <Word id="Record8_Line1_Word6">
          <Property key="category" value="other"/>
          <Property key="person" value="none"/>
          <Coords points="1215,2401 1274,2401 1274,2461 1215,2461"/>
          <TextEquiv>
            <Unicode>de</Unicode>
          </TextEquiv>
        </Word>
        <Word id="Record8_Line1_Word7">
          <Property key="category" value="location"/>
          <Property key="person" value="husbands_father"/>
          <Coords points="1272,2388 1529,2388 1529,2488 1272,2488"/>
          <TextEquiv>
            <Unicode>Vilafranca</Unicode>
          </TextEquiv>
        </Word>
        <Word id="Record8_Line1_Word8">
          <Property key="category" value="other"/>
          <Property key="person" value="none"/>
          <Coords points="1509,2420 1578,2420 1578,2490 1509,2490"/>
          <TextEquiv>
            <Unicode>y</Unicode>
          </TextEquiv>
        </Word>
        <Word id="Record8_Line1_Word9">
          <Property key="category" value="other"/>
          <Property key="person" value="none"/>
          <Coords points="1586,2396 1648,2396 1648,2463 1586,2463"/>
          <TextEquiv>
            <Unicode>de</Unicode>
          </TextEquiv>
        </Word>
        <Word id="Record8_Line1_Word10">
          <Property key="category" value="name"/>
          <Property key="person" value="husbands_mother"/>
          <Coords points="1660,2375 1844,2375 1844,2467 1660,2467"/>
          <TextEquiv>
            <Unicode>Beneta</Unicode>
          </TextEquiv>
        </Word>
        <Word id="Record8_Line1_Word11">
          <Property key="category" value="other"/>
          <Property key="person" value="none"/>
          <Coords points="1854,2390 2074,2390 2074,2480 1854,2480"/>
          <TextEquiv>
            <Unicode>defuncts</Unicode>
          </TextEquiv>
        </Word>
      </TextLine>
      <TextLine id="Record8_Line2">
        <Coords points="0,0 0,0"/>
        <Word id="Record8_Line2_Word0">
          <Property key="category" value="other"/>
          <Property key="person" value="none"/>
          <Coords points="452,2493 521,2493 521,2561 452,2561"/>
          <TextEquiv>
            <Unicode>ab</Unicode>
          </TextEquiv>
        </Word>
        <Word id="Record8_Line2_Word1">
          <Property key="category" value="name"/>
          <Property key="person" value="wife"/>
          <Coords points="535,2483 734,2483 734,2592 535,2592"/>
          <TextEquiv>
            <Unicode>Angela</Unicode>
          </TextEquiv>
        </Word>
        <Word id="Record8_Line2_Word2">
          <Property key="category" value="state"/>
          <Property key="person" value="wife"/>
          <Coords points="751,2491 913,2491 913,2592 751,2592"/>
          <TextEquiv>
            <Unicode>dosella</Unicode>
          </TextEquiv>
        </Word>
        <Word id="Record8_Line2_Word3">
          <Property key="category" value="other"/>
          <Property key="person" value="none"/>
          <Coords points="914,2493 1050,2493 1050,2584 914,2584"/>
          <TextEquiv>
            <Unicode>filla</Unicode>
          </TextEquiv>
        </Word>
        <Word id="Record8_Line2_Word4">
          <Property key="category" value="other"/>
          <Property key="person" value="none"/>
          <Coords points="1060,2498 1116,2498 1116,2560 1060,2560"/>
          <TextEquiv>
            <Unicode>de</Unicode>
          </TextEquiv>
        </Word>
        <Word id="Record8_Line2_Word5">
          <Property key="category" value="name"/>
          <Property key="person" value="wifes_father"/>
          <Coords points="1115,2502 1254,2502 1254,2588 1115,2588"/>
          <TextEquiv>
            <Unicode>Juan</Unicode>
          </TextEquiv>
        </Word>
        <Word id="Record8_Line2_Word6">
          <Property key="category" value="surname"/>
          <Property key="person" value="wifes_father"/>
          <Coords points="1272,2493 1446,2493 1446,2561 1272,2561"/>
          <TextEquiv>
            <Unicode>Samar</Unicode>
          </TextEquiv>
        </Word>
        <Word id="Record8_Line2_Word7">
          <Property key="category" value="occupation"/>
          <Property key="person" value="wifes_father"/>
          <Coords points="1441,2500 1593,2500 1593,2603 1441,2603"/>
          <TextEquiv>
            <Unicode>pages</Unicode>
          </TextEquiv>
        </Word>
        <Word id="Record8_Line2_Word8">
          <Property key="category" value="other"/>
          <Property key="person" value="none"/>
          <Coords points="1603,2494 1666,2494 1666,2561 1603,2561"/>
          <TextEquiv>
            <Unicode>de</Unicode>
          </TextEquiv>
        </Word>
        <Word id="Record8_Line2_Word9">
          <Property key="category" value="location"/>
          <Property key="person" value="wifes_father"/>
          <Coords points="1665,2474 1827,2474 1827,2567 1665,2567"/>
          <TextEquiv>
            <Unicode>Ribes</Unicode>
          </TextEquiv>
        </Word>
        <Word id="Record8_Line2_Word10">
          <Property key="category" value="other"/>
          <Property key="person" value="none"/>
          <Coords points="1846,2483 2032,2483 2032,2582 1846,2582"/>
          <TextEquiv>
            <Unicode>defunct</Unicode>
          </TextEquiv>
        </Word>
      </TextLine>
      <TextLine id="Record8_Line3">
        <Coords points="0,0 0,0"/>
        <Word id="Record8_Line3_Word0">
          <Property key="category" value="other"/>
          <Property key="person" value="none"/>
          <Coords points="420,2619 485,2619 485,2679 420,2679"/>
          <TextEquiv>
            <Unicode>y</Unicode>
          </TextEquiv>
        </Word>
        <Word id="Record8_Line3_Word1">
          <Property key="category" value="other"/>
          <Property key="person" value="none"/>
          <Coords points="488,2598 545,2598 545,2660 488,2660"/>
          <TextEquiv>
            <Unicode>de</Unicode>
          </TextEquiv>
        </Word>
        <Word id="Record8_Line3_Word2">
          <Property key="category" value="name"/>
          <Property key="person" value="wifes_mother"/>
          <Coords points="576,2579 864,2579 864,2683 576,2683"/>
          <TextEquiv>
            <Unicode>Hieronyma</Unicode>
          </TextEquiv>
        </Word>
      </TextLine>
    </TextRegion>
    <TextRegion id="Record9">
      <Coords points="0,0 0,0"/>
      <TextLine id="Record9_Line0">
        <Coords points="0,0 0,0"/>
        <Word id="Record9_Line0_Word0">
          <Property key="category" value="other"/>
          <Property key="person" value="none"/>
          <Coords points="444,2680 508,2680 508,2744 444,2744"/>
          <TextEquiv>
            <Unicode>dit</Unicode>
          </TextEquiv>
        </Word>
        <Word id="Record9_Line0_Word1">
          <Property key="category" value="other"/>
          <Property key="person" value="none"/>
          <Coords points="518,2682 590,2682 590,2744 518,2744"/>
          <TextEquiv>
            <Unicode>dia</Unicode>
          </TextEquiv>
        </Word>
        <Word id="Record9_Line0_Word2">
          <Property key="category" value="other"/>
          <Property key="person" value="none"/>
          <Coords points="601,2678 743,2678 743,2745 601,2745"/>
          <TextEquiv>
            <Unicode>rebere</Unicode>
          </TextEquiv>
        </Word>
        <Word id="Record9_Line0_Word3">
          <Property key="category" value="other"/>
          <Property key="person" value="none"/>
          <Coords points="748,2686 815,2686 815,2742 748,2742"/>
          <TextEquiv>
            <Unicode>de</Unicode>
          </TextEquiv>
        </Word>
        <Word id="Record9_Line0_Word4">
          <Property key="category" value="name"/>
          <Property key="person" value="husband"/>
          <Coords points="831,2663 1056,2663 1056,2766 831,2766"/>
          <TextEquiv>
            <Unicode>Hyacinto</Unicode>
          </TextEquiv>
        </Word>
        <Word id="Record9_Line0_Word5">
          <Property key="category" value="surname"/>
          <Property key="person" value="husband"/>
          <Coords points="1064,2667 1175,2667 1175,2740 1064,2740"/>
          <TextEquiv>
            <Unicode>Vila</Unicode>
          </TextEquiv>
        </Word>
        <Word id="Record9_Line0_Word6">
          <Property key="category" value="occupation"/>
          <Property key="person" value="husband"/>
          <Coords points="1185,2689 1335,2689 1335,2745 1185,2745"/>
          <TextEquiv>
            <Unicode>carder</Unicode>
          </TextEquiv>
        </Word>
        <Word id="Record9_Line0_Word7">
          <Property key="category" value="other"/>
          <Property key="person" value="none"/>
          <Coords points="1338,2688 1397,2688 1397,2740 1338,2740"/>
          <TextEquiv>
            <Unicode>de</Unicode>
          </TextEquiv>
        </Word>
        <Word id="Record9_Line0_Word8">
          <Property key="category" value="location"/>
          <Property key="person" value="husband"/>
          <Coords points="1403,2653 1548,2653 1548,2761 1403,2761"/>
          <TextEquiv>
            <Unicode>Bara</Unicode>
          </TextEquiv>
        </Word>
        <Word id="Record9_Line0_Word9">
          <Property key="category" value="other"/>
          <Property key="person" value="none"/>
          <Coords points="1537,2670 1640,2670 1640,2763 1537,2763"/>
          <TextEquiv>
            <Unicode>fill</Unicode>
          </TextEquiv>
        </Word>
        <Word id="Record9_Line0_Word10">
          <Property key="category" value="other"/>
          <Property key="person" value="none"/>
          <Coords points="1647,2688 1702,2688 1702,2738 1647,2738"/>
          <TextEquiv>
            <Unicode>de</Unicode>
          </TextEquiv>
        </Word>
        <Word id="Record9_Line0_Word11">
          <Property key="category" value="name"/>
          <Property key="person" value="husbands_father"/>
          <Coords points="1701,2686 1863,2686 1863,2766 1701,2766"/>
          <TextEquiv>
            <Unicode>jaume</Unicode>
          </TextEquiv>
        </Word>
        <Word id="Record9_Line0_Word12">
          <Property key="category" value="surname"/>
          <Property key="person" value="husbands_father"/>
          <Coords points="1877,2661 2006,2661 2006,2744 1877,2744"/>
          <TextEquiv>
            <Unicode>Vila</Unicode>
          </TextEquiv>
        </Word>
      </TextLine>
      <TextLine id="Record9_Line1">
        <Coords points="0,0 0,0"/>
        <Word id="Record9_Line1_Word0">
          <Property key="category" value="occupation"/>
          <Property key="person" value="husbands_father"/>
          <Coords points="431,2771 647,2771 647,2865 431,2865"/>
          <TextEquiv>
            <Unicode>sabater</Unicode>
          </TextEquiv>
        </Word>
        <Word id="Record9_Line1_Word1">
          <Property key="category" value="other"/>
          <Property key="person" value="none"/>
          <Coords points="648,2776 705,2776 705,2836 648,2836"/>
          <TextEquiv>
            <Unicode>de</Unicode>
          </TextEquiv>
        </Word>
        <Word id="Record9_Line1_Word2">
          <Property key="category" value="location"/>
          <Property key="person" value="husbands_father"/>
          <Coords points="716,2760 832,2760 832,2859 716,2859"/>
          <TextEquiv>
            <Unicode>bara</Unicode>
          </TextEquiv>
        </Word>
        <Word id="Record9_Line1_Word3">
          <Property key="category" value="other"/>
          <Property key="person" value="none"/>
          <Coords points="816,2795 877,2795 877,2855 816,2855"/>
          <TextEquiv>
            <Unicode>y</Unicode>
          </TextEquiv>
        </Word>
        <Word id="Record9_Line1_Word4">
          <Property key="category" value="other"/>
          <Property key="person" value="none"/>
          <Coords points="880,2776 937,2776 937,2836 880,2836"/>
          <TextEquiv>
            <Unicode>de</Unicode>
          </TextEquiv>
        </Word>
        <Word id="Record9_Line1_Word5">
          <Property key="category" value="name"/>
          <Property key="person" value="husbands_mother"/>
          <Coords points="938,2769 1110,2769 1110,2855 938,2855"/>
          <TextEquiv>
            <Unicode>Juana</Unicode>
          </TextEquiv>
        </Word>
        <Word id="Record9_Line1_Word6">
          <Property key="category" value="other"/>
          <Property key="person" value="none"/>
          <Coords points="1125,2763 1325,2763 1325,2859 1125,2859"/>
          <TextEquiv>
            <Unicode>defuncts</Unicode>
          </TextEquiv>
        </Word>
        <Word id="Record9_Line1_Word7">
          <Property key="category" value="other"/>
          <Property key="person" value="none"/>
          <Coords points="1341,2773 1421,2773 1421,2838 1341,2838"/>
          <TextEquiv>
            <Unicode>ab</Unicode>
          </TextEquiv>
        </Word>
        <Word id="Record9_Line1_Word8">
          <Property key="category" value="name"/>
          <Property key="person" value="wife"/>
          <Coords points="1439,2760 1702,2760 1702,2865 1439,2865"/>
          <TextEquiv>
            <Unicode>Magdalena</Unicode>
          </TextEquiv>
        </Word>
        <Word id="Record9_Line1_Word9">
          <Property key="category" value="state"/>
          <Property key="person" value="wife"/>
          <Coords points="1720,2763 1900,2763 1900,2863 1720,2863"/>
          <TextEquiv>
            <Unicode>donsella</Unicode>
          </TextEquiv>
        </Word>
        <Word id="Record9_Line1_Word10">
          <Property key="category" value="other"/>
          <Property key="person" value="none"/>
          <Coords points="1892,2758 2036,2758 2036,2853 1892,2853"/>
          <TextEquiv>
            <Unicode>filla</Unicode>
          </TextEquiv>
        </Word>
      </TextLine>
      <TextLine id="Record9_Line2">
        <Coords points="0,0 0,0"/>
        <Word id="Record9_Line2_Word0">
          <Property key="category" value="other"/>
          <Property key="person" value="none"/>
          <Coords points="448,2881 502,2881 502,2933 448,2933"/>
          <TextEquiv>
            <Unicode>de</Unicode>
          </TextEquiv>
        </Word>
        <Word id="Record9_Line2_Word1">
          <Property key="category" value="name"/>
          <Property key="person" value="wifes_father"/>
          <Coords points="510,2847 628,2847 628,2940 510,2940"/>
          <TextEquiv>
            <Unicode>Pere</Unicode>
          </TextEquiv>
        </Word>
        <Word id="Record9_Line2_Word2">
          <Property key="category" value="surname"/>
          <Property key="person" value="wifes_father"/>
          <Coords points="659,2839 790,2839 790,2961 659,2961"/>
          <TextEquiv>
            <Unicode>Poses</Unicode>
          </TextEquiv>
        </Word>
        <Word id="Record9_Line2_Word3">
          <Property key="category" value="occupation"/>
          <Property key="person" value="wifes_father"/>
          <Coords points="806,2856 980,2856 980,2937 806,2937"/>
          <TextEquiv>
            <Unicode>hortola</Unicode>
          </TextEquiv>
        </Word>
        <Word id="Record9_Line2_Word4">
          <Property key="category" value="other"/>
          <Property key="person" value="none"/>
          <Coords points="1000,2871 1058,2871 1058,2935 1000,2935"/>
          <TextEquiv>
            <Unicode>de</Unicode>
          </TextEquiv>
        </Word>
        <Word id="Record9_Line2_Word5">
          <Property key="category" value="location"/>
          <Property key="person" value="wifes_father"/>
          <Coords points="1062,2864 1169,2864 1169,2952 1062,2952"/>
          <TextEquiv>
            <Unicode>bara</Unicode>
          </TextEquiv>
        </Word>
        <Word id="Record9_Line2_Word6">
          <Property key="category" value="other"/>
          <Property key="person" value="none"/>
          <Coords points="1147,2888 1212,2888 1212,2952 1147,2952"/>
          <TextEquiv>
            <Unicode>y</Unicode>
          </TextEquiv>
        </Word>
        <Word id="Record9_Line2_Word7">
          <Property key="category" value="other"/>
          <Property key="person" value="none"/>
          <Coords points="1226,2873 1284,2873 1284,2931 1226,2931"/>
          <TextEquiv>
            <Unicode>de</Unicode>
          </TextEquiv>
        </Word>
        <Word id="Record9_Line2_Word8">
          <Property key="category" value="name"/>
          <Property key="person" value="wifes_mother"/>
          <Coords points="1289,2856 1548,2856 1548,2965 1289,2965"/>
          <TextEquiv>
            <Unicode>Stephania</Unicode>
          </TextEquiv>
        </Word>
        <Word id="Record9_Line2_Word9">
          <Property key="category" value="other"/>
          <Property key="person" value="none"/>
          <Coords points="1571,2858 1800,2858 1800,2963 1571,2963"/>
          <TextEquiv>
            <Unicode>defuncts</Unicode>
          </TextEquiv>
        </Word>
      </TextLine>
    </TextRegion>
    <TextRegion id="Record10">
      <Coords points="0,0 0,0"/>
      <TextLine id="Record10_Line0">
        <Coords points="0,0 0,0"/>
        <Word id="Record10_Line0_Word0">
          <Property key="category" value="other"/>
          <Property key="person" value="none"/>
          <Coords points="442,2951 513,2951 513,3016 442,3016"/>
          <TextEquiv>
            <Unicode>dit</Unicode>
          </TextEquiv>
        </Word>
        <Word id="Record10_Line0_Word1">
          <Property key="category" value="other"/>
          <Property key="person" value="none"/>
          <Coords points="520,2955 590,2955 590,3018 520,3018"/>
          <TextEquiv>
            <Unicode>dia</Unicode>
          </TextEquiv>
        </Word>
        <Word id="Record10_Line0_Word2">
          <Property key="category" value="other"/>
          <Property key="person" value="none"/>
          <Coords points="604,2955 743,2955 743,3020 604,3020"/>
          <TextEquiv>
            <Unicode>rebere</Unicode>
          </TextEquiv>
        </Word>
        <Word id="Record10_Line0_Word3">
          <Property key="category" value="other"/>
          <Property key="person" value="none"/>
          <Coords points="753,2968 800,2968 800,3026 753,3026"/>
          <TextEquiv>
            <Unicode>de</Unicode>
          </TextEquiv>
        </Word>
        <Word id="Record10_Line0_Word4">
          <Property key="category" value="name"/>
          <Property key="person" value="husband"/>
          <Coords points="801,2960 1024,2960 1024,3052 801,3052"/>
          <TextEquiv>
            <Unicode>francesch</Unicode>
          </TextEquiv>
        </Word>
        <Word id="Record10_Line0_Word5">
          <Property key="category" value="surname"/>
          <Property key="person" value="husband"/>
          <Coords points="1019,2958 1146,2958 1146,3052 1019,3052"/>
          <TextEquiv>
            <Unicode>font</Unicode>
          </TextEquiv>
        </Word>
        <Word id="Record10_Line0_Word6">
          <Property key="category" value="occupation"/>
          <Property key="person" value="husband"/>
          <Coords points="1161,2964 1412,2964 1412,3030 1161,3030"/>
          <TextEquiv>
            <Unicode>treballador</Unicode>
          </TextEquiv>
        </Word>
        <Word id="Record10_Line0_Word7">
          <Property key="category" value="location"/>
          <Property key="person" value="husband"/>
          <Coords points="1403,2955 1608,2955 1608,3054 1403,3054"/>
          <TextEquiv>
            <Unicode>frances</Unicode>
          </TextEquiv>
        </Word>
        <Word id="Record10_Line0_Word8">
          <Property key="category" value="state"/>
          <Property key="person" value="husband"/>
          <Coords points="1618,2964 1761,2964 1761,3028 1618,3028"/>
          <TextEquiv>
            <Unicode>viudo</Unicode>
          </TextEquiv>
        </Word>
        <Word id="Record10_Line0_Word9">
          <Property key="category" value="other"/>
          <Property key="person" value="none"/>
          <Coords points="1771,2951 1996,2951 1996,3031 1771,3031"/>
          <TextEquiv>
            <Unicode>habitant</Unicode>
          </TextEquiv>
        </Word>
      </TextLine>
      <TextLine id="Record10_Line1">
        <Coords points="0,0 0,0"/>
        <Word id="Record10_Line1_Word0">
          <Property key="category" value="other"/>
          <Property key="person" value="none"/>
          <Coords points="444,3076 515,3076 515,3117 444,3117"/>
          <TextEquiv>
            <Unicode>en</Unicode>
          </TextEquiv>
        </Word>
        <Word id="Record10_Line1_Word1">
          <Property key="category" value="location"/>
          <Property key="person" value="husband"/>
          <Coords points="544,3025 688,3025 688,3135 544,3135"/>
          <TextEquiv>
            <Unicode>Bara</Unicode>
          </TextEquiv>
        </Word>
        <Word id="Record10_Line1_Word2">
          <Property key="category" value="other"/>
          <Property key="person" value="none"/>
          <Coords points="693,3043 760,3043 760,3113 693,3113"/>
          <TextEquiv>
            <Unicode>ab</Unicode>
          </TextEquiv>
        </Word>
        <Word id="Record10_Line1_Word3">
          <Property key="category" value="name"/>
          <Property key="person" value="wife"/>
          <Coords points="763,3036 913,3036 913,3120 763,3120"/>
          <TextEquiv>
            <Unicode>Paula</Unicode>
          </TextEquiv>
        </Word>
        <Word id="Record10_Line1_Word4">
          <Property key="category" value="state"/>
          <Property key="person" value="wife"/>
          <Coords points="931,3049 1133,3049 1133,3153 931,3153"/>
          <TextEquiv>
            <Unicode>donsella</Unicode>
          </TextEquiv>
        </Word>
        <Word id="Record10_Line1_Word5">
          <Property key="category" value="other"/>
          <Property key="person" value="none"/>
          <Coords points="1132,3045 1265,3045 1265,3156 1132,3156"/>
          <TextEquiv>
            <Unicode>filla</Unicode>
          </TextEquiv>
        </Word>
        <Word id="Record10_Line1_Word6">
          <Property key="category" value="other"/>
          <Property key="person" value="none"/>
          <Coords points="1277,3057 1337,3057 1337,3120 1277,3120"/>
          <TextEquiv>
            <Unicode>de</Unicode>
          </TextEquiv>
        </Word>
        <Word id="Record10_Line1_Word7">
          <Property key="category" value="name"/>
          <Property key="person" value="wifes_father"/>
          <Coords points="1345,3032 1503,3032 1503,3151 1345,3151"/>
          <TextEquiv>
            <Unicode>Esteva</Unicode>
          </TextEquiv>
        </Word>
        <Word id="Record10_Line1_Word8">
          <Property key="category" value="surname"/>
          <Property key="person" value="wifes_father"/>
          <Coords points="1503,3043 1760,3043 1760,3155 1503,3155"/>
          <TextEquiv>
            <Unicode>franquesa</Unicode>
          </TextEquiv>
        </Word>
        <Word id="Record10_Line1_Word9">
          <Property key="category" value="occupation"/>
          <Property key="person" value="wifes_father"/>
          <Coords points="1754,3057 1895,3057 1895,3156 1754,3156"/>
          <TextEquiv>
            <Unicode>pages</Unicode>
          </TextEquiv>
        </Word>
        <Word id="Record10_Line1_Word10">
          <Property key="category" value="other"/>
          <Property key="person" value="none"/>
          <Coords points="1903,3062 1974,3062 1974,3126 1903,3126"/>
          <TextEquiv>
            <Unicode>de</Unicode>
          </TextEquiv>
        </Word>
      </TextLine>
      <TextLine id="Record10_Line2">
        <Coords points="0,0 0,0"/>
        <Word id="Record10_Line2_Word0">
          <Property key="category" value="location"/>
          <Property key="person" value="wifes_father"/>
          <Coords points="440,3112 637,3112 637,3219 440,3219"/>
          <TextEquiv>
            <Unicode>Premia</Unicode>
          </TextEquiv>
        </Word>
        <Word id="Record10_Line2_Word1">
          <Property key="category" value="other"/>
          <Property key="person" value="none"/>
          <Coords points="657,3144 854,3144 854,3232 657,3232"/>
          <TextEquiv>
            <Unicode>defunct</Unicode>
          </TextEquiv>
        </Word>
        <Word id="Record10_Line2_Word2">
          <Property key="category" value="other"/>
          <Property key="person" value="none"/>
          <Coords points="848,3176 915,3176 915,3253 848,3253"/>
          <TextEquiv>
            <Unicode>y</Unicode>
          </TextEquiv>
        </Word>
        <Word id="Record10_Line2_Word3">
          <Property key="category" value="other"/>
          <Property key="person" value="none"/>
          <Coords points="931,3157 997,3157 997,3225 931,3225"/>
          <TextEquiv>
            <Unicode>de</Unicode>
          </TextEquiv>
        </Word>
        <Word id="Record10_Line2_Word4">
          <Property key="category" value="name"/>
          <Property key="person" value="wifes_mother"/>
          <Coords points="1021,3138 1331,3138 1331,3263 1021,3263"/>
          <TextEquiv>
            <Unicode>Magdalena</Unicode>
          </TextEquiv>
        </Word>
      </TextLine>
    </TextRegion>
  </Page>
</PcGts>
