2690 3794
401 325 623 408 Divendres
634 361 672 399 a
687 355 766 408 22
783 327 927 401 rebere
933 348 973 402 de
974 344 1102 428 Juan
1117 334 1294 421 Tosinch
1301 344 1367 408 del
1380 363 1491 435 regne
1506 341 1551 402 de
1543 341 1703 427 fransa
1711 339 1865 416 forner
1879 318 2028 394 habitat

415 450 476 496 en
491 412 642 506 Bara
638 429 701 493 ab
692 433 856 520 Juana
864 434 1015 494 viuda
1028 440 1077 498 de
1092 422 1263 498 Andreu
1281 431 1482 524 Scalfape
1481 433 1627 510 forner
1631 433 1737 489 mori
1748 445 1800 487 en
1822 400 2000 510 Bara

408 523 478 588 dit
482 530 552 586 dia
563 516 713 584 rebere
724 525 778 584 de
769 526 913 616 Juan
928 502 1097 610 Batista
1097 521 1234 612 folch
1239 547 1364 621 pages
1366 531 1420 591 de
1431 523 1625 588 Sabadell
1615 516 1710 602 fill
1721 521 1765 578 de
1758 504 1869 607 Jua
1891 498 2005 574 Ba=

413 620 511 706 tista
505 613 646 714 folch
654 635 771 718 pages
781 623 831 685 de
843 620 1033 685 Sabadell
1046 621 1224 702 defunct
1232 642 1275 714 y
1286 618 1341 678 de
1341 620 1558 707 jaumeta
1591 608 1666 673 ab
1666 596 1978 697 Hieronyma

415 722 593 811 donsella
604 713 734 801 filla
745 715 798 778 de
816 693 1111 782 Barthomeu
1127 705 1330 778 Vendrell
1332 734 1445 813 pages
1462 718 1519 777 de
1525 712 1721 777 Sabadell
1728 703 1915 792 defunct
1925 717 1981 798 y

413 822 469 888 de
491 802 708 894 Elisabeth

408 904 473 976 dit
477 914 552 971 dia
565 907 709 971 rebere
721 914 775 971 de
788 880 1065 969 Barthomeu
1083 888 1309 962 Muntaner
1313 899 1516 958 mercader
1527 909 1583 958 de
1585 878 1731 985 Bara
1725 880 1818 976 fill
1827 892 1890 957 de
1891 864 2009 957 Pau

415 1001 651 1068 Muntaner
659 999 860 1062 mercader
875 1001 934 1061 de
945 975 1113 1076 Bara
1094 1022 1144 1102 y
1147 997 1205 1061 de
1239 1009 1284 1062 t
1322 992 1542 1076 defuncts
1548 994 1629 1058 ab
1642 975 1836 1058 dorothea
1859 982 2021 1087 dosella

397 1101 517 1193 filla
537 1108 584 1168 de
595 1096 676 1163 mr
675 1098 833 1191 jaume
852 1093 906 1158 de
912 1093 1097 1187 Cardona
1112 1091 1268 1194 donsell
1276 1110 1337 1153 en
1345 1074 1484 1175 Bara
1485 1086 1721 1154 domiciliat
1723 1112 1772 1187 y
1767 1088 1825 1151 de
1826 1081 2016 1149 Victoria

408 1204 473 1260 dit
480 1197 550 1255 dia
563 1190 708 1253 rebere
714 1197 763 1251 de
753 1174 888 1281 Jua
864 1178 1008 1278 felis
1016 1171 1201 1272 Buyra
1211 1202 1318 1284 jove
1311 1197 1519 1274 scrivent
1536 1192 1611 1253 del
1617 1190 1722 1253 lloch
1736 1190 1791 1253 de
1803 1190 2021 1281 Castigaleu

411 1299 598 1383 comptat
608 1280 672 1345 de
687 1269 936 1380 Ribagossa
951 1277 1091 1378 bisbat
1099 1290 1155 1352 de
1163 1278 1326 1382 Lleyda
1348 1275 1549 1349 habitant
1564 1304 1625 1349 en
1646 1261 1798 1367 Bara
1803 1281 1882 1352 ab
1882 1275 2037 1345 Clara

408 1385 561 1451 viuda
581 1391 635 1447 de
650 1373 844 1482 Miquel
830 1385 1116 1477 fontanilles
1136 1384 1374 1449 treballador
1387 1385 1507 1449 mori
1516 1405 1576 1452 en
1587 1382 1639 1454 lo
1658 1379 1839 1485 hospital
1820 1384 2032 1484 general

406 1484 582 1575 dissapte
593 1507 628 1548 a
636 1493 715 1567 23
728 1477 879 1548 rebere
894 1489 948 1553 de
961 1462 1116 1577 Phelip
1133 1481 1261 1550 Soler
1260 1481 1417 1550 sabater
1426 1484 1608 1553 habitant
1624 1509 1680 1551 en
1683 1472 1825 1563 Bara
1824 1479 1966 1544 viudo

401 1581 474 1643 ab
489 1580 722 1638 Catherina
733 1580 863 1640 viuda
882 1585 934 1640 de
947 1557 1139 1674 Domingo
1163 1580 1293 1641 Cortia
1311 1585 1491 1655 calsater
1506 1585 1551 1640 de
1561 1578 1701 1667 agulla
1714 1576 1828 1633 mori
1833 1590 1889 1631 en
1898 1543 2049 1650 Bara

401 1663 591 1758 Diumege
606 1694 644 1730 a
657 1679 686 1752 #
675 1683 745 1750 24
763 1666 913 1731 rebere
919 1679 976 1739 de
981 1666 1125 1733 Vicens
1142 1668 1353 1737 Salvador
1361 1674 1550 1741 candaler
1561 1677 1613 1742 de
1620 1682 1725 1738 cera
1735 1663 1799 1733 de
1797 1649 1975 1750 Bara

401 1767 524 1827 viudo
542 1767 616 1825 ab
638 1761 915 1858 Margarida
933 1760 1014 1825 #
1018 1767 1157 1830 viuda
1182 1770 1233 1834 de
1242 1767 1392 1858 joseph
1412 1763 1540 1832 Miro
1539 1769 1719 1835 velluter
1734 1767 1853 1827 mori
1863 1786 1922 1827 en
1919 1742 2072 1851 Bara

402 1860 474 1931 dit
486 1867 559 1927 dia
569 1859 720 1934 rebere
726 1871 780 1929 de
770 1860 909 1960 Juan
922 1852 1159 1965 Anglada
1156 1885 1371 1976 parayre
1382 1862 1468 1931 del
1463 1886 1606 1962 regne
1628 1857 1685 1927 de
1684 1859 1876 1965 fransa
1902 1857 2032 1932 habi=

399 1969 520 2024 tant
533 1978 598 2024 en
625 1930 791 2050 Bara
793 1966 863 2030 ab
871 1963 1047 2034 Maria
1062 1964 1272 2057 donsella
1271 1961 1417 2059 filla
1442 1963 1509 2033 de
1509 1961 1765 2073 francesch
1782 1954 1981 2033 Alomir

402 2081 618 2168 parayre
645 2060 708 2132 de
726 2037 891 2152 Bara
871 2093 923 2177 y
924 2065 990 2126 de
997 2051 1174 2156 Coloma
1196 2063 1404 2152 defuncts

402 2148 465 2223 dit
482 2157 548 2220 dia
558 2148 708 2222 rebere
719 2160 780 2227 de
791 2136 920 2225 Pere
933 2146 1130 2244 Rafols
1149 2151 1268 2230 boter
1272 2162 1330 2227 de
1347 2139 1512 2241 Bara
1493 2153 1609 2241 fill
1621 2153 1675 2222 de
1686 2131 1805 2220 Pere
1827 2137 2002 2236 Rafols

399 2255 594 2317 mariner
600 2255 658 2315 de
673 2240 891 2319 Vilanova
906 2250 968 2321 de
984 2245 1151 2326 Cubelles
1149 2283 1210 2343 y
1219 2250 1277 2317 de
1294 2238 1470 2321 Elienor
1477 2250 1689 2334 defuncta
1700 2249 1781 2314 ab
1783 2231 1979 2312 Anna

394 2345 600 2435 donsella
592 2342 739 2435 filla
758 2349 817 2410 de
839 2321 959 2412 Pere
979 2342 1111 2442 Crespi
1126 2344 1316 2445 algutsir
1327 2345 1654 2414 extraordimari
1659 2349 1721 2414 de
1736 2316 1911 2430 Bara
1882 2363 1957 2431 y
1955 2344 2002 2412 de

404 2423 637 2534 Elisabeth

397 2534 584 2603 Dimecres
593 2559 635 2597 a
652 2545 743 2593 27
749 2521 897 2594 rebere
915 2536 968 2594 de
976 2523 1068 2597 mr
1069 2515 1263 2627 Raphel
1265 2510 1420 2593 Riera
1437 2536 1652 2603 candaler
1659 2546 1717 2601 de
1723 2567 1832 2608 cera
1847 2552 1903 2603 de
1907 2515 2058 2634 Bara

376 2621 494 2710 fill
503 2625 561 2690 de
574 2637 704 2734 juan
724 2611 890 2695 Riera
892 2628 1077 2728 fuster
1055 2654 1111 2715 y
1129 2631 1183 2691 de
1212 2625 1339 2686 #
1184 2588 1420 2643 Mathiana
1361 2630 1533 2710 defuncts
1552 2631 1622 2695 ab
1631 2623 1805 2697 Maria
1815 2635 2012 2721 donsella

365 2718 511 2806 filla
533 2725 587 2785 de
613 2708 785 2794 Arcis
790 2699 969 2799 Planes
975 2727 1153 2792 vedrier
1168 2720 1233 2788 de
1242 2713 1436 2794 Mataro
1456 2721 1632 2813 defunct
1608 2754 1684 2819 y
1695 2739 1758 2797 de
1776 2721 2009 2833 Sperasa

390 2805 465 2873 dit
475 2815 545 2877 dia
556 2815 693 2884 rebere
707 2827 763 2885 de
777 2818 968 2932 Guillem
993 2825 1118 2911 Cases
1120 2831 1247 2925 pages
1258 2822 1335 2885 del
1345 2803 1505 2918 Regne
1520 2825 1577 2890 de
1568 2827 1758 2925 fransa
1785 2820 1998 2890 habitant

395 2924 457 2969 en
482 2909 656 2979 Sarria
684 2905 763 2972 ab
786 2903 1060 3008 Maryanna
1076 2912 1268 3003 donsella
1276 2902 1411 2991 filla
1430 2912 1484 2981 de
1481 2889 1614 2982 Pere
1635 2909 1855 3012 Tanyera
1856 2933 2023 3029 pages

404 2992 619 3073 habitant
636 3028 701 3076 en
719 2995 856 3102 bara
846 3035 907 3098 y
919 3023 976 3081 de
1009 3009 1348 3118 Montserrada
1368 3013 1597 3102 defuncta

380 3089 545 3192 Dijous
562 3125 600 3161 a
615 3113 701 3175 28
721 3099 872 3173 rebere
885 3115 944 3171 de
945 3087 1072 3178 Pere
1088 3094 1249 3181 Riera
1262 3125 1394 3213 pages
1403 3115 1464 3173 de
1476 3090 1560 3176 St
1564 3090 1719 3181 Vicens
1734 3117 1788 3175 de
1811 3096 2083 3185 llavaneres

388 3201 529 3263 viudo
546 3196 626 3260 ab
631 3182 853 3266 Antonia
873 3200 1038 3270 viuda
1051 3213 1111 3274 de
1133 3179 1415 3279 Barthomeu
1439 3182 1616 3274 Riera
1598 3232 1675 3305 y
1661 3208 1818 3308 fener
1817 3222 1982 3312 pages

401 3295 460 3353 de
472 3293 568 3353 dita
574 3290 851 3403 parrochia
