2690 3794
334 278 535 430 Dijous
553 339 614 398 al
620 319 702 434 pr
702 332 849 400 rebere
865 341 913 398 de
903 339 1051 436 #
1078 335 1242 428 Onofre
1259 330 1492 403 Carentella
1501 348 1666 401 vedrier
1678 348 1730 401 de
1746 319 1898 425 Bara
1867 341 1988 434 fill

405 433 453 491 de
444 437 597 524 Juan
618 426 870 491 Carentella
884 438 1057 497 vedrier
1046 460 1107 521 y
1116 440 1175 501 de
1188 431 1470 527 Hieronyma
1503 440 1575 501 ab
1581 427 1851 535 Margarida
1865 435 2040 531 dosella

390 525 515 605 filla
536 528 601 591 de
622 492 806 587 Bernat
822 512 959 586 Vilar
968 537 1102 627 pages
1117 530 1175 596 de
1192 525 1404 598 Cornella
1396 558 1461 616 y
1476 534 1534 600 de
1551 512 1743 598 Elienor
1759 521 1980 623 defuncts

400 599 593 712 Diumenge
609 632 651 674 a
671 632 720 690 4
732 610 883 681 rebere
904 624 958 686 de
974 615 1145 714 Guerau
1136 615 1358 728 fargues
1360 637 1575 730 pentiner
1587 619 1814 694 habitant
1817 644 1879 688 en
1884 597 2046 708 Bara

392 713 548 786 viudo
574 715 651 784 ab
663 702 948 804 Maryanna
962 716 1175 820 donsella
1177 723 1326 811 filla
1342 725 1397 788 de
1381 718 1537 817 Juan
1562 715 1664 782 Coll
1654 731 1799 820 pages
1815 720 1879 790 de
1888 715 1982 784 la

392 839 462 894 #
454 821 745 919 Massanera
745 835 795 919 y
807 816 866 883 de
886 803 1051 878 Anna
1065 810 1285 902 defuncts

390 924 576 985 Dimecres
588 937 629 976 a
639 924 685 976 7
710 906 849 976 rebere
869 913 918 972 de
914 913 1154 1008 francisco
1166 893 1367 976 Ramos
1375 926 1575 1012 argenter
1577 918 1707 977 viudo
1716 906 1775 970 de
1783 868 1947 988 Bara
1946 888 2020 954 ab

394 996 546 1102 Agnes
572 1000 763 1100 donsella
766 1000 913 1089 filla
940 1003 993 1069 de
983 996 1236 1100 francesch
1258 992 1477 1107 Tarroja
1495 1025 1681 1106 argenter
1690 1007 1741 1068 de
1755 998 1939 1066 Cervera
1953 1000 2031 1061 de=

383 1108 522 1203 funct
531 1134 582 1214 y
579 1113 634 1174 de
646 1088 872 1198 Aldonsa

385 1206 470 1273 Dit
471 1206 561 1271 dia
575 1198 720 1273 rebere
744 1206 801 1270 de
811 1173 939 1263 Pere
966 1173 1105 1290 Roses
1127 1189 1281 1290 sastre
1301 1187 1361 1252 de
1387 1182 1535 1263 Caldes
1561 1189 1616 1252 de
1639 1175 1835 1273 Monbuy
1839 1171 1986 1241 viudo

394 1312 470 1375 ab
487 1303 754 1369 Catherina
766 1298 939 1366 viuda
964 1305 1021 1364 de
1013 1278 1279 1400 francesch
1301 1267 1444 1358 Pedro
1454 1307 1655 1400 parayre
1675 1291 1732 1358 de
1751 1285 1857 1355 dita
1863 1281 1997 1353 vila

390 1397 475 1465 Dit
478 1399 554 1456 dia
555 1392 700 1461 rebere
712 1404 765 1463 de
783 1370 976 1463 Bernat
977 1401 1193 1485 forment
1174 1397 1249 1494 #
1256 1395 1518 1470 treballador
1517 1397 1606 1468 del
1607 1413 1750 1490 regne
1764 1399 1814 1461 de
1806 1399 1984 1508 frança

405 1486 578 1562 habitat
592 1516 655 1562 en
661 1489 737 1564 St
744 1475 844 1582 Boy
850 1493 924 1562 ab
940 1487 1203 1595 Magdalena
1222 1494 1406 1593 donsella
1396 1498 1535 1593 filla
1547 1500 1605 1562 de
1617 1477 1810 1561 Bernat
1813 1491 2023 1599 figueres

400 1614 546 1709 pages
566 1598 758 1692 defunct
762 1626 810 1701 y
818 1601 883 1663 de
919 1579 1107 1660 Maria

383 1693 470 1763 Dit
484 1700 569 1759 dia
583 1686 750 1761 rebere
762 1698 819 1759 de
811 1681 941 1788 Jua
944 1664 1107 1792 Pages
1116 1677 1296 1750 hortola
1319 1682 1378 1745 de
1394 1659 1558 1775 Bara
1549 1679 1677 1770 fill
1692 1686 1756 1752 de
1781 1689 1829 1752 t
1826 1724 1846 1745 y
1921 1686 1973 1743 t

392 1785 472 1857 ab
493 1776 786 1880 Maryanna
803 1787 1019 1887 donsella
1009 1778 1176 1887 filla
1200 1791 1255 1855 de
1252 1774 1380 1880 Jua
1398 1765 1589 1858 Padrell
1607 1782 1788 1846 hortola
1806 1785 1861 1847 de
1875 1747 2055 1866 Bara

400 1874 586 1968 defunct
577 1904 640 1968 y
654 1884 711 1947 de
719 1867 956 1945 Antonia

385 1960 603 2037 Divendres
615 1989 649 2030 a
656 1991 709 2050 9
727 1967 877 2034 rebere
891 1967 948 2037 de
960 1960 1135 2035 Antoni
1149 1951 1292 2034 Vidal
1308 1957 1463 2064 burges
1476 1964 1528 2030 de
1527 1953 1814 2032 Vilaredona
1804 1955 1926 2053 fill
1933 1953 1992 2015 de

392 2074 445 2135 t
463 2090 537 2165 y
568 2074 621 2133 t
671 2062 885 2160 defuncts
903 2060 986 2133 ab
975 2063 1236 2173 francisca
1259 2063 1464 2162 donsella
1450 2051 1601 2158 filla
1622 2065 1685 2129 de
1706 2033 1941 2126 Bernat

400 2168 563 2275 Angles
585 2191 728 2283 pages
749 2162 823 2237 del
839 2152 988 2232 Alba
988 2197 1055 2259 y
1065 2166 1124 2232 de
1144 2148 1442 2272 Magdalena

394 2269 472 2326 Dit
476 2267 556 2326 dia
564 2253 707 2326 rebere
723 2269 776 2326 de
788 2244 1025 2353 Hieronym
1048 2235 1141 2330 Bo
1149 2271 1345 2330 mariner
1357 2262 1412 2326 de
1424 2258 1575 2358 Sitges
1570 2253 1689 2342 fill
1699 2251 1758 2319 de
1774 2233 2020 2341 Hieronym

390 2334 487 2422 Bo
499 2365 703 2417 mariner
716 2352 888 2436 defunct
882 2379 939 2438 y
955 2357 1010 2420 de
1030 2345 1266 2436 Elisabeth
1287 2356 1371 2420 ab
1379 2345 1556 2420 Maria
1572 2354 1767 2442 donsella
1763 2347 1904 2436 filla
1921 2350 1988 2413 de

405 2437 582 2506 Llorens
603 2444 816 2539 Sagarra
828 2450 1034 2510 mariner
1043 2471 1094 2557 y
1101 2446 1171 2510 de
1205 2450 1259 2512 t

387 2526 470 2599 Dit
478 2533 552 2597 dia
557 2535 698 2597 rebere
699 2536 771 2597 del
781 2520 857 2595 Sr
852 2529 971 2613 msr
974 2527 1163 2633 Miquel
1164 2516 1390 2624 Perpinya
1413 2549 1464 2590 en
1491 2493 1651 2615 Bara
1659 2515 1894 2584 domiciliat
1893 2515 2014 2604 fill

403 2634 459 2693 de
478 2621 586 2709 msr
586 2600 881 2698 Barthomeu
886 2605 1105 2732 Perpinya
1117 2621 1178 2691 de
1202 2614 1418 2722 Guissona
1435 2611 1588 2711 bisbat
1604 2621 1664 2676 de
1658 2612 1799 2703 Urgell
1807 2614 1995 2701 defunct

383 2747 445 2814 y
452 2728 522 2790 de
515 2719 580 2783 la
586 2702 696 2783 Sra
676 2702 833 2781 Anna
853 2709 1126 2804 Hieronyma
1164 2717 1242 2779 ab
1243 2717 1302 2779 la
1309 2703 1430 2792 Sra
1424 2713 1693 2810 Maryanna
1703 2719 1977 2832 Xarquies

403 2818 580 2920 donsella
572 2813 715 2922 filla
732 2820 791 2882 de
809 2811 993 2917 Gabriel
998 2813 1233 2909 Xarquies
1250 2798 1436 2911 botiguer
1450 2809 1502 2877 de
1508 2816 1621 2886 telas
1637 2820 1693 2882 de
1706 2787 1859 2907 Bara
1863 2800 2012 2913 defuct

377 2946 442 3016 y
452 2932 520 2992 de
527 2914 599 2987 la
608 2902 720 2993 Sra
734 2903 1019 3007 Magdalena

388 3006 575 3097 Dissapte
583 3027 625 3069 a
641 3025 696 3063 10
703 2993 845 3067 rebere
854 3002 915 3065 de
912 2980 1032 3067 Pere
1053 2973 1216 3063 Barba
1229 3014 1357 3097 pages
1370 3001 1423 3069 de
1430 2973 1514 3058 St
1480 2991 1620 3093 Julia
1646 2995 1699 3058 de
1715 2971 1887 3060 Altura
1888 2999 2010 3063 viudo

396 3092 466 3161 ab
461 3075 621 3157 Paula
628 3098 774 3161 viuda
786 3089 839 3153 de
891 3094 947 3160 t
1018 3065 1206 3189 Rossello
1209 3107 1342 3196 pages
1365 3094 1440 3160 de
1460 3075 1610 3164 Molin
1612 3089 1675 3155 de
1673 3100 1770 3181 reig
