2690 3794
362 252 611 345 Divendres
623 302 665 340 a
678 298 752 343 12
765 275 903 343 rebere
912 287 962 342 de
968 293 1106 366 jaume
1121 286 1281 364 Sunyer
1285 307 1398 389 pages
1411 295 1463 349 de
1482 284 1692 345 Martorell
1687 277 1783 368 fill
1791 287 1845 342 de
1844 266 2016 336 Andreu

412 367 589 455 Sunyer
592 386 712 471 pages
729 378 780 433 de
787 369 1004 430 Martorell
1006 392 1061 474 y
1066 374 1121 430 de
1159 386 1205 431 t
1275 376 1468 449 defuncta
1485 367 1558 428 ab
1573 362 1717 465 Gratia
1726 363 1904 447 donsella
1892 367 2030 449 filla

416 470 472 531 de
453 470 568 561 joan
567 464 737 552 foguet
740 459 913 552 droguer
916 468 978 525 de
992 461 1202 518 Martorell
1220 461 1396 540 defunct
1393 478 1452 576 y
1455 461 1510 518 de
1539 440 1724 515 Eularia

405 545 562 647 dissapte
578 574 617 610 a
630 567 683 626 13
687 549 827 614 rebere
841 549 888 614 de
886 547 1103 644 francesch
1111 539 1290 630 Alzina
1300 565 1425 647 pages
1453 558 1506 616 de
1514 521 1753 612 Badalona
1750 537 1888 630 fill#
1899 537 1960 596 de

419 637 649 721 Hieronym
668 627 859 721 Alzina
868 660 993 745 pages
1012 644 1063 704 de
1073 620 1310 705 Badalona
1298 669 1367 736 y
1374 650 1425 705 de
1438 623 1650 737 Raphela
1665 639 1854 713 defuncts
1863 616 1951 681 ab

394 728 593 803 Dorothea
619 731 806 817 donsella
812 736 939 824 filla
956 742 1005 806 de
1006 744 1171 828 jaume
1195 731 1295 831 Gili
1298 751 1438 840 pages
1451 736 1508 798 de
1520 704 1771 794 Badalona
1791 719 1976 808 defunct

387 849 451 919 y
461 832 514 895 de
534 814 681 886 Catha

412 910 481 974 dit
487 911 559 969 dia
570 881 734 962 rebere
727 908 780 962 de
783 871 904 957 Pere
905 869 1000 957 Pau
1015 883 1146 955 Verdu
1156 890 1330 953 corredor
1341 887 1394 948 de
1404 885 1551 948 orella
1563 894 1616 949 de
1624 860 1778 973 Bara
1759 885 1866 973 fill
1878 881 1947 944 de

401 973 515 1062 Pere
538 987 669 1059 Verdu
671 989 843 1084 sabater
864 987 919 1048 de
934 957 1088 1066 Bara
1095 984 1268 1070 defunct
1253 1009 1308 1068 y
1316 987 1376 1050 de
1395 966 1560 1077 Antiga
1583 975 1652 1043 ab
1660 973 1823 1038 Eleonor
1831 966 1991 1061 dosella

396 1088 517 1174 filla
540 1095 602 1153 de
619 1068 732 1161 Pere
747 1083 876 1144 Oriol
878 1088 1094 1174 negociant
1105 1083 1159 1146 de
1179 1056 1322 1165 Bara
1331 1081 1510 1161 defunct
1502 1102 1564 1161 y
1575 1077 1630 1142 de
1647 1067 1926 1167 Hieronyma

396 1157 480 1232 dit
484 1171 544 1227 dia
554 1168 685 1232 rebere
693 1178 746 1232 de
752 1176 903 1257 jaume
912 1162 1088 1241 Rovira
1080 1171 1337 1268 garbellador
1345 1180 1398 1232 de
1401 1159 1535 1253 Bara
1516 1173 1634 1264 fill
1646 1178 1697 1236 de
1703 1162 1899 1232 Nicolau
1909 1155 2009 1227 Ro=

408 1261 516 1322 vira
513 1265 784 1358 garbellador
777 1288 840 1347 y
860 1270 919 1331 de
932 1244 1146 1360 Brigida
1170 1259 1384 1344 defuncta
1393 1258 1474 1322 ab
1478 1258 1710 1330 Catherina
1726 1259 1910 1338 donsella
1894 1252 2030 1340 filla

414 1364 465 1427 de
473 1364 624 1453 jaume
626 1329 771 1421 Prats
781 1362 1013 1419 revenedor
1024 1357 1081 1419 de
1091 1329 1250 1446 Bara
1230 1383 1294 1446 y
1311 1359 1369 1419 de
1374 1339 1553 1421 Violant

410 1447 469 1506 dit
477 1448 535 1503 dia
536 1438 674 1504 rebere
670 1452 723 1504 de
709 1442 935 1527 francesch
945 1448 1106 1531 Canyado
1109 1472 1225 1547 pages
1237 1464 1285 1517 de
1287 1443 1524 1515 Badalona
1512 1438 1621 1534 fill
1624 1447 1670 1503 de
1683 1432 1868 1522 Hierony
1874 1434 2028 1520 Canyado

417 1551 534 1632 pages
543 1544 602 1605 de
621 1509 872 1593 Badalona
866 1561 926 1623 y
934 1542 986 1602 de
997 1542 1285 1624 Montserrada
1312 1533 1382 1593 ab
1393 1525 1553 1591 Maria
1566 1532 1737 1612 donsella
1725 1526 1856 1609 filla
1876 1526 1969 1584 de

406 1604 598 1697 Bernat
612 1615 775 1720 Amigo
779 1639 919 1734 pages
941 1636 993 1693 de
1001 1609 1256 1691 Badalona
1262 1648 1312 1725 y
1321 1625 1380 1686 de
1428 1625 1479 1681 t

396 1719 474 1787 dit
480 1722 548 1784 dia
554 1722 692 1785 rebere
700 1731 752 1787 de
743 1724 872 1810 Juan
891 1719 1050 1782 Strada
1046 1722 1213 1806 fuster
1213 1730 1263 1782 de
1284 1719 1427 1784 Caldes
1442 1719 1492 1778 de
1520 1703 1693 1794 Monbuy
1687 1708 1787 1796 fill
1795 1706 1843 1761 de
1829 1682 1958 1784 Jua

414 1805 577 1875 Strada
569 1816 723 1907 fuster
734 1818 791 1883 de
805 1816 897 1879 dita
900 1811 1005 1870 vila
992 1837 1054 1898 y
1077 1816 1131 1870 de
1134 1807 1315 1904 Justina
1331 1807 1533 1893 defuncta
1548 1802 1623 1865 ab
1629 1784 1775 1863 Paula
1795 1793 1989 1872 donsella

408 1903 553 1994 filla
579 1906 647 1971 de
637 1878 822 1990 franch
817 1890 1038 1971 Taraval
1041 1913 1195 2024 pages
1199 1906 1259 1969 de
1273 1890 1420 1965 Tona
1426 1897 1573 2008 bisbat
1586 1903 1647 1964 de
1637 1892 1751 1965 Vich
1738 1917 1807 1987 y
1815 1892 1874 1960 de
1870 1882 1972 1973 t

419 2002 642 2088 defuncta

401 2090 481 2153 Dit
491 2085 559 2144 dia
560 2085 685 2146 rebere
698 2088 744 2139 de
758 2069 962 2160 Hieronym
977 2074 1117 2137 Marti
1116 2087 1232 2172 pages
1242 2073 1290 2132 de
1301 2057 1432 2128 Alella
1442 2057 1621 2121 habitant
1631 2085 1688 2126 en
1694 2065 1854 2125 Sarria
1853 2063 1980 2119 viudo

419 2173 478 2234 ab
480 2170 717 2261 Hieronyma
722 2155 802 2241 #
803 2154 944 2259 #
945 2171 1092 2233 viuda
1095 2171 1155 2236 de
1152 2148 1285 2233 Pere
1293 2141 1384 2227 St
1379 2140 1499 2225 Pons
1509 2168 1639 2262 pages
1647 2155 1697 2218 de
1692 2155 1821 2250 joval
1837 2141 1962 2241 bisbat

417 2269 476 2333 de
486 2263 665 2349 Solsona
682 2269 793 2321 mori
797 2283 852 2321 en
868 2260 1042 2342 Solsona

398 2353 480 2421 Dit
487 2357 550 2414 dia
565 2345 697 2416 rebere
705 2357 764 2416 de
736 2350 885 2446 Juan
902 2337 1079 2445 Guardia
1089 2353 1214 2451 pages
1233 2343 1286 2407 de
1298 2316 1384 2404 St
1365 2318 1546 2399 Andreu
1559 2332 1612 2399 de
1640 2309 1854 2402 Palomar
1849 2325 1973 2429 fill

423 2454 472 2515 de
493 2440 622 2529 Luys
648 2436 845 2536 Guardia
850 2454 969 2544 pages
994 2436 1049 2497 de
1059 2431 1124 2494 dit
1130 2433 1234 2494 lloch
1228 2456 1286 2515 y
1293 2434 1346 2496 de
1366 2424 1674 2517 Montserrada
1692 2419 1904 2510 defuncts
1901 2413 1980 2480 ab

421 2532 642 2632 francisca
670 2534 851 2621 donsella
846 2528 991 2623 filla
1013 2530 1072 2600 de
1060 2525 1317 2626 francesch
1334 2518 1459 2584 Oller
1464 2532 1607 2625 pages
1615 2518 1672 2582 de
1683 2519 1749 2584 dit
1761 2511 1872 2580 lloch
1880 2535 1951 2621 y

417 2638 474 2706 de
468 2631 719 2729 francisca
745 2611 987 2719 defuncts

403 2719 480 2787 Dit
486 2719 546 2777 dia
558 2718 679 2778 rebere
693 2730 741 2780 de
752 2718 905 2803 Gaspar
912 2705 1056 2775 Dardet
1060 2716 1234 2796 parayre
1253 2708 1301 2763 de
1311 2694 1571 2791 Sparaguera
1584 2684 1775 2755 habitant
1774 2716 1836 2754 en
1835 2670 1978 2775 Bara

405 2802 519 2893 fill
524 2809 580 2869 de
590 2811 701 2895 juan
705 2801 867 2870 Dardet
871 2821 1049 2904 parayre
1044 2827 1103 2888 y
1114 2802 1169 2863 de
1192 2779 1403 2872 Elisabeth
1437 2790 1508 2856 ab
1523 2779 1720 2874 Elisabeth
1732 2786 1877 2849 viuda
1898 2786 1958 2849 de

428 2903 645 3006 Sebastia
666 2891 944 2992 Guilleumas
954 2905 1110 2961 carder
1130 2896 1191 2962 de
1204 2859 1382 2973 Bara

426 3005 600 3070 Dilluns
612 3023 651 3058 a
667 3012 731 3071 15
742 3001 791 3056 de
792 2993 860 3060 dit
864 2979 1012 3056 rebere
1007 2994 1064 3060 de
1062 2977 1178 3082 Jua
1186 2972 1360 3050 Romeu
1365 2997 1495 3080 pages
1506 2979 1571 3044 de
1579 2977 1782 3061 Castellar
1790 2968 1927 3038 viudo
1934 2966 2008 3033 ab

421 3081 627 3150 Violant
637 3089 824 3165 donsella
817 3079 950 3165 filla
965 3083 1014 3144 de
1021 3089 1171 3165 jaume
1177 3069 1297 3141 Davi
1298 3092 1423 3178 pages
1435 3078 1483 3132 de
1500 3059 1571 3128 St
1577 3059 1735 3127 LLorens
1743 3059 1902 3120 çavall
1901 3039 2025 3141 defuct

410 3202 463 3263 y
477 3177 532 3240 de
552 3164 764 3263 Aldonsa

408 3255 494 3319 Dit
498 3258 570 3312 dia
581 3251 719 3312 rebere
729 3249 784 3310 de
779 3228 903 3307 Pere
912 3239 1027 3308 Ulla
1042 3258 1247 3308 tavarner
1255 3240 1317 3302 de
1318 3218 1467 3316 Bara
1451 3234 1582 3298 viudo
1595 3232 1666 3296 ab
1671 3223 1888 3308 Elisabeth
1894 3234 2032 3296 viuda

425 3339 480 3406 de
475 3336 706 3429 francesch
729 3336 899 3395 Cervera
909 3347 1034 3436 pages
1048 3337 1101 3409 de
1114 3318 1202 3393 St
1197 3331 1333 3420 julia
1354 3334 1407 3397 de
1435 3320 1636 3418 Monseny
