2690 3794
379 283 578 375 Dilluns
586 328 621 366 a
636 316 703 366 15
709 297 848 366 rebere
854 311 904 362 de
897 311 1017 391 Juan
1034 306 1165 373 Comes
1172 318 1377 391 retorsedor
1379 314 1425 368 de
1435 307 1549 368 llana
1553 309 1606 364 de
1612 306 1744 373 Caldes
1752 313 1798 362 de
1811 293 1990 380 Monbuy

405 391 501 469 fill
512 391 556 445 de
578 382 728 476 Gabriel
730 387 857 449 Comes
872 407 1047 483 parayre
1052 414 1106 469 y
1111 395 1164 454 de
1186 382 1424 472 Eufrahina
1435 395 1622 469 defuncts
1639 390 1706 452 ab
1705 374 1870 446 Eularia
1883 384 2056 460 donsella

408 468 529 557 filla
539 479 594 530 de
598 457 707 532 Pere
720 479 828 562 juan
842 470 977 535 Comes
982 486 1104 574 pages
1107 500 1151 570 y
1159 473 1207 530 de
1233 467 1382 527 Monica
1399 468 1484 529 tots
1491 473 1542 529 de
1550 473 1637 527 dita
1643 468 1760 527 vila

405 563 583 623 Dimars
589 583 621 618 a
639 566 696 618 16
708 554 839 614 rebere
852 568 898 619 de
888 557 1040 647 Joseph
1041 538 1158 616 Pons
1166 559 1294 609 corder
1306 548 1492 611 habitant
1498 568 1554 607 en
1564 545 1782 606 Martorell
1774 540 1875 619 fill
1881 536 1932 598 de
1921 522 2033 627 Jua

417 632 534 710 Pons
544 645 694 738 tapiner
698 648 757 704 de
754 645 986 719 Vilafranca
998 648 1053 700 de
1062 618 1275 700 Panaders
1281 659 1321 722 y
1331 632 1388 689 de
1396 605 1576 688 Beneta
1591 626 1773 702 defuncts
1783 617 1855 675 ab
1847 615 2026 696 Juana

417 734 590 815 donsella
595 723 735 810 filla
750 736 805 791 de
813 706 1074 789 Barthomeu
1080 706 1251 785 Parera
1249 732 1380 824 pages
1388 717 1440 780 de
1455 706 1669 775 Martorell
1679 699 1846 791 defunct
1851 723 1895 796 y
1901 695 1952 758 de
1955 709 2087 789 juana

421 832 479 889 dit
482 825 554 883 dia
566 818 705 885 rebere
702 837 757 887 de
749 828 970 910 francesch
973 819 1124 885 Duran
1128 833 1259 919 pages
1268 825 1327 880 de
1338 816 1475 903 Sitges
1485 816 1603 875 viudo
1611 806 1680 868 ab
1691 795 1841 861 Maria
1851 799 2027 883 donsella

403 919 524 999 filla
533 919 588 976 de
595 895 725 974 Pere
724 896 943 974 Saborit
960 919 1113 997 mestre
1128 912 1178 969 de
1190 926 1287 971 axa
1304 910 1355 968 de
1365 904 1497 995 Sitges
1514 902 1692 978 defunct
1675 924 1741 985 y
1745 898 1800 960 de
1815 877 1972 952 Catha

417 998 488 1067 Dit
498 1014 571 1065 dia
577 996 717 1065 rebere
734 1007 785 1067 de
790 991 909 1065 Pere
919 980 1219 1092 Balmasseda
1233 1001 1431 1097 cilurgia
1440 1001 1493 1062 de
1501 998 1554 1058 la
1559 1000 1701 1053 ciutat
1705 993 1760 1053 de
1765 977 1959 1046 Victoria
1956 956 2049 1046 Pro

419 1099 574 1158 vincia
602 1099 660 1158 de
673 1073 861 1179 Biscaya
874 1083 1069 1153 habitant
1071 1117 1126 1160 en
1148 1070 1300 1176 Bara
1328 1080 1436 1177 fill
1437 1094 1492 1153 de
1483 1087 1631 1179 Julia
1648 1092 1705 1151 de
1718 1057 2020 1169 Balmasseda

413 1194 592 1287 cilurgia
609 1194 660 1254 de
673 1189 764 1254 dita
770 1189 915 1253 ciutat
914 1218 970 1282 y
978 1195 1035 1261 de
1045 1184 1217 1263 Maria
1236 1187 1445 1272 defuncts
1466 1183 1538 1256 ab
1551 1176 1719 1249 Maria
1727 1180 1904 1270 donsella
1899 1175 2036 1261 filla

415 1293 472 1359 de
487 1290 635 1385 jaume
659 1276 827 1377 Massot
842 1283 1029 1378 cilurgia
1052 1290 1110 1347 de
1121 1253 1275 1368 Bara
1281 1278 1454 1357 defunct
1453 1302 1504 1378 y
1507 1280 1560 1336 de
1577 1262 1834 1357 Hieronyma

405 1392 594 1454 Dimecres
607 1402 640 1440 a
654 1388 717 1434 17
729 1362 863 1431 rebere
867 1379 916 1429 de
930 1349 1036 1431 Pere
1037 1370 1164 1455 Juan
1175 1356 1414 1431 Miramdeu
1426 1386 1606 1452 argenter
1618 1372 1669 1427 de
1682 1356 1914 1454 Granollers
1937 1360 2026 1436 fill

417 1482 472 1539 de
478 1459 655 1536 Antoni
684 1453 934 1527 Miramdeu
935 1484 1110 1553 parayre
1116 1463 1171 1522 de
1188 1458 1429 1558 Granollers
1433 1430 1572 1490 defunct
1426 1481 1477 1562 y
1476 1461 1533 1515 de
1544 1437 1755 1543 #
1763 1432 1993 1544 Angela

417 1554 493 1621 ab
508 1550 714 1644 Elisabeth
733 1563 923 1647 donsella
921 1547 1042 1643 filla
1062 1561 1113 1618 de
1138 1550 1323 1614 Matheu
1342 1547 1497 1651 Guerri
1514 1563 1712 1649 argenter
1727 1545 1787 1613 de
1802 1521 1954 1630 Bara
1931 1563 1992 1627 y

415 1662 472 1732 de
480 1655 694 1728 Martha

406 1750 572 1840 Dijous
582 1776 622 1810 a
639 1760 701 1816 18
716 1729 863 1805 rebere
883 1739 941 1805 de
953 1715 1148 1802 Ramon
1170 1722 1280 1793 Vila
1299 1746 1470 1787 carreter
1478 1734 1540 1789 de
1542 1699 1696 1807 Bara
1688 1718 1819 1782 viudo
1827 1715 1897 1779 ab
1910 1702 2003 1788 Ca=

419 1837 596 1908 therina
605 1835 807 1917 donsella
811 1825 945 1926 filla
960 1832 1017 1896 de
1026 1835 1149 1924 juan
1163 1825 1359 1889 Sabater
1349 1830 1484 1924 pages
1499 1818 1560 1880 de
1575 1813 1732 1910 Copons
1740 1811 1897 1912 bisbat
1906 1804 1982 1871 de

415 1925 542 2006 Vich
541 1963 599 2023 y
618 1932 678 1999 de
696 1928 944 2005 Catherina
967 1909 1217 2013 defuncts

401 2021 481 2086 Dit
487 2030 563 2086 dia
571 2014 707 2085 rebere
718 2030 767 2088 de
784 2024 950 2115 Miquel
958 2014 1113 2083 Antich
1121 2007 1388 2106 assahonador
1396 2012 1617 2106 mallorqui
1629 1998 1836 2067 habitant
1833 2026 1898 2071 en
1905 1975 2074 2088 Bara

408 2117 479 2183 ab
482 2124 637 2214 juana
611 2071 764 2129 Perera
652 2114 845 2211 donsella
856 2108 1015 2174 tambe
1019 2112 1323 2204 mallorquina

387 2222 608 2296 Divendres
625 2245 665 2281 a
677 2238 732 2303 19
750 2201 895 2275 rebere
904 2215 954 2273 de
965 2213 1083 2303 juan
1091 2205 1219 2305 Gasso
1213 2203 1379 2295 forner
1392 2208 1449 2265 de
1469 2166 1619 2279 Bara
1612 2185 1743 2249 viudo
1752 2189 1825 2253 ab
1835 2176 2036 2246 Catheri=

405 2334 472 2375 na
480 2316 635 2380 viuda
648 2316 705 2373 de
711 2276 847 2375 Pere
869 2304 1070 2370 Sotalell
1084 2323 1250 2366 cotoner
1266 2295 1321 2359 de
1331 2268 1492 2385 Bara
1498 2295 1621 2352 mori
1629 2304 1696 2351 en
1713 2258 1906 2373 Bara

397 2398 466 2464 dit
469 2407 545 2461 dia
555 2397 687 2461 rebere
697 2404 750 2461 de
756 2409 895 2485 jaume
917 2381 1133 2487 Bergada
1145 2395 1334 2483 blanquer
1338 2398 1391 2454 de
1397 2372 1549 2471 Bara
1537 2378 1640 2473 fill
1648 2390 1705 2450 de
1725 2365 1966 2442 Matheu

397 2461 590 2578 Bergada
612 2486 805 2581 blanquer
795 2514 859 2572 y
871 2493 923 2552 de
949 2475 1196 2574 Maryanna
1222 2481 1302 2546 ab
1308 2482 1515 2574 Susanna
1526 2475 1708 2564 donsella
1705 2472 1838 2550 filla
1853 2460 1970 2525 de

388 2558 497 2637 Pau
525 2570 716 2665 Masons
729 2600 913 2676 perayre
914 2600 966 2660 y
974 2580 1036 2643 de
1048 2558 1259 2657 Elisabeth

408 2668 466 2737 dit
478 2673 549 2733 dia
557 2668 698 2735 rebere
713 2675 771 2732 de
774 2683 888 2767 juan
890 2647 1081 2761 Pujades
1093 2691 1282 2774 parayre
1295 2671 1352 2730 de
1354 2659 1567 2726 Sabadell
1571 2650 1683 2744 fill
1695 2648 1751 2712 de
1749 2636 1861 2742 Jua
1867 2620 2063 2735 Pujades

406 2780 599 2865 parayre
600 2794 664 2854 y
684 2771 741 2838 de
770 2759 1070 2872 Magdalena
1096 2759 1176 2830 ab
1184 2746 1463 2852 Hieronyma
1474 2750 1669 2849 donsella
1670 2745 1812 2837 filla
1838 2752 1898 2818 de
1897 2715 2024 2816 Pere

405 2864 669 2936 Salavert
675 2880 828 2985 pages
844 2872 902 2938 de
912 2851 1015 2936 St
1009 2839 1173 2962 Esteva
1195 2865 1251 2929 de
1263 2839 1479 2959 Ripollet
1467 2881 1538 2952 y
1555 2857 1617 2929 de
1632 2862 1819 2966 juana

394 2965 479 3031 Dit
485 2976 560 3031 dia
566 2961 701 3029 rebere
722 2976 775 3031 de
786 2955 956 3031 Antoni
969 2956 1137 3029 Vedrier
1150 2982 1339 3066 parayre
1358 2961 1440 3027 del
1439 2981 1569 3060 regne
1584 2967 1642 3031 de
1641 2961 1816 3057 fransa
1835 2921 2022 3020 habitat

406 3077 470 3125 en
490 3044 744 3165 Terrassa
765 3058 839 3122 ab
856 3051 1122 3148 Hieronyma
1139 3056 1332 3139 donsella
1331 3044 1457 3139 filla
1476 3059 1538 3120 de
1541 3059 1669 3150 Juan
1684 3035 1911 3139 Arrufat
1921 3065 2002 3111 te=

379 3161 536 3232 xidor
559 3170 617 3235 de
641 3157 777 3227 llana
806 3161 868 3230 de
881 3156 1096 3265 Terrassa
1084 3189 1155 3255 y
1168 3166 1230 3234 de
1245 3140 1543 3253 Hieronyma
1569 3147 1827 3244 defuncta
