2690 3794
452 268 626 339 dilluns
637 295 681 333 a
698 287 759 347 13
764 274 915 345 rebere
933 289 990 350 de
996 276 1176 353 Antoni
1186 273 1353 354 Duran
1350 308 1482 384 pages
1491 295 1567 360 del
1566 280 1710 387 Regne
1721 307 1771 366 de
1779 297 1982 394 fransa

458 353 633 430 habitat
634 386 693 430 en
712 344 870 447 Bara
863 371 932 436 ab
943 360 1155 449 Elisabeth
1163 378 1320 464 Juana
1337 377 1528 460 donsella
1536 380 1659 470 filla
1676 384 1732 446 de
1739 372 1904 452 Bernat
1909 372 2045 454 Prats

439 454 596 535 forner
611 457 665 516 de
679 435 845 541 Bara
830 484 891 544 y
899 459 947 522 de
949 459 1128 553 Juana

442 542 600 603 Dimars
610 564 647 602 a
658 555 716 614 14
725 542 866 611 rebere
869 553 923 609 de
933 530 1101 616 Benet
1089 543 1257 650 Ifern
1244 546 1420 633 farrer
1427 550 1488 611 de
1494 524 1693 647 Bigues
1698 552 1839 614 viudo
1850 545 1921 611 ab
1914 543 2035 612 mar=

439 626 603 725 garida
623 622 833 713 donsella
836 629 955 721 filla
971 638 1021 702 de
1010 632 1257 734 francesch
1269 611 1573 725 Blancafort
1577 626 1675 697 als
1700 617 1863 731 Boger
1867 653 2012 741 pages

451 732 504 790 de
518 717 786 817 Montmany
805 724 990 803 defunct
977 750 1041 810 y
1050 727 1107 792 de
1118 726 1332 811 Elisabeth

455 807 513 871 dit
520 815 593 875 dia
599 812 770 883 reberem
779 818 834 883 de
854 809 1051 880 Nicolau
1066 815 1257 887 Molner
1254 841 1443 921 parayre
1452 825 1507 889 de
1520 821 1786 918 Sparaguera
1782 815 1893 918 fill
1901 822 2005 889 de

448 889 614 972 Antoni
632 901 807 973 Molner
812 929 999 1010 parayre
989 934 1049 1000 y
1056 920 1111 980 de
1131 901 1306 982 Maria
1334 909 1410 975 ab
1389 920 1477 1015 #
1497 906 1746 993 Maryanna
1761 909 1943 997 donsella
1937 913 2068 998 filla

460 1020 510 1074 de
502 999 618 1107 Jua
604 1008 738 1095 font
751 1015 900 1104 mestre
910 1012 963 1077 de
968 1015 1099 1104 cases
1092 1041 1158 1107 y
1166 1021 1230 1082 de
1232 983 1400 1090 Paula
1425 1008 1638 1102 defuncts
1656 1012 1762 1076 tots
1770 1012 1822 1079 de
1830 1008 2097 1117 Sparaguera

433 1100 623 1174 Dimecres
638 1125 680 1168 a
692 1118 749 1165 15
761 1093 900 1166 rebere
911 1116 962 1171 de
977 1091 1080 1175 Pau
1088 1096 1176 1174 Deu
1191 1116 1255 1175 del
1269 1085 1423 1181 Palau
1430 1130 1567 1212 pages
1586 1109 1642 1175 de
1647 1094 1720 1174 St
1715 1096 1904 1169 Andreu
1916 1112 1967 1171 de
1983 1103 2050 1169 la

457 1187 579 1256 barca
584 1197 722 1260 viudo
731 1192 807 1258 ab
818 1193 1053 1301 Speransa
1064 1198 1248 1290 donsella
1244 1195 1384 1292 filla
1400 1205 1452 1264 de
1463 1183 1630 1266 Antoni
1623 1200 1735 1294 Jua
1740 1177 1909 1272 Padret
1909 1198 1967 1267 de
1977 1198 2044 1260 la

448 1293 611 1376 quadra
625 1303 756 1391 pages
770 1296 822 1358 de
852 1278 1072 1391 Terrassa
1066 1320 1129 1388 y
1137 1296 1197 1368 de
1211 1284 1387 1396 Antiga
1403 1297 1620 1383 defuncta

440 1384 572 1478 Dijous
578 1410 611 1453 a
623 1391 686 1450 16
700 1377 839 1451 rebere
847 1398 897 1454 de
908 1381 1092 1459 Andreu
1100 1398 1219 1459 Soler
1221 1413 1341 1495 pages
1356 1400 1410 1465 de
1418 1391 1548 1493 Olesa
1560 1404 1609 1463 de
1619 1393 1876 1481 Montserrat
1878 1390 1996 1482 fill
1986 1398 2045 1456 de

452 1484 603 1569 Agusti
623 1477 762 1545 Soler
763 1501 900 1586 pages
908 1507 948 1584 y
954 1492 1012 1551 de
1022 1476 1216 1554 Eularia
1227 1488 1434 1572 defuncts
1449 1483 1528 1560 ab
1535 1481 1710 1557 Eularia
1719 1492 1863 1555 viuda
1872 1492 1933 1551 de
1955 1495 1998 1547 t

454 1560 684 1674 Borgonyo
691 1577 845 1667 fuster
860 1583 915 1643 de
940 1572 1164 1676 Terrassa

449 1666 506 1720 dit
512 1670 576 1725 dia
581 1660 711 1728 rebere
722 1669 770 1726 de
760 1666 858 1748 Jua
857 1664 955 1754 Giro
954 1684 1127 1763 parayre
1139 1672 1185 1726 de
1194 1654 1264 1726 St
1269 1661 1395 1722 Marti
1397 1672 1446 1723 de
1457 1655 1605 1726 Marles
1608 1660 1738 1750 bisbat
1748 1666 1795 1723 de
1794 1657 1888 1723 Vich
1884 1655 1981 1738 fill
1981 1661 2030 1720 de

460 1728 551 1809 Pere
563 1742 665 1839 Giro
671 1744 804 1842 pages
803 1773 851 1823 y
857 1753 906 1805 de
920 1731 1085 1805 Eularia
1106 1743 1276 1823 defuncts
1299 1743 1372 1806 ab
1380 1742 1569 1826 Elisabeth
1575 1746 1696 1809 viuda
1700 1747 1753 1811 de
1749 1744 1855 1833 Jua
1859 1728 2003 1830 Bosch

454 1846 644 1901 tavarner
658 1847 756 1896 mori
769 1856 828 1899 en
845 1811 1014 1925 Bara

430 1921 644 1993 Divendres
653 1950 695 1985 a
701 1942 768 1993 17
773 1921 908 1985 rebere
923 1929 972 1990 de
962 1917 1071 2013 Jua
1074 1911 1269 1997 Salmell
1269 1941 1396 2016 pages
1413 1933 1461 1985 de
1473 1915 1534 1986 La
1541 1915 1722 1987 Llacuna
1713 1915 1818 2013 fill
1825 1918 1875 1983 de
1856 1914 2023 2011 Juan

430 1987 635 2080 Salmell
637 2018 758 2093 pages
769 2030 825 2091 y
833 2010 881 2071 de
944 2013 979 2063 t
1077 2010 1269 2089 defuncta
1281 2004 1353 2069 ab
1361 2004 1585 2069 Catherina
1601 2007 1782 2094 donsella
1786 2010 1914 2090 filla
1929 2003 2008 2066 de

443 2076 540 2176 Jua
569 2089 738 2161 Nadal
748 2104 882 2188 pages
901 2096 954 2163 de
971 2080 1221 2188 Terrasola
1238 2111 1272 2190 y
1275 2099 1338 2161 de
1349 2099 1510 2182 juana

452 2184 512 2247 dit
520 2189 590 2246 dia
595 2181 741 2252 rebere
749 2189 800 2253 de
797 2184 930 2279 Juan
935 2186 1057 2253 Sors
1048 2192 1225 2276 sabater
1233 2194 1290 2249 de
1295 2171 1453 2273 Bara
1430 2176 1539 2270 fill
1551 2181 1608 2247 de
1619 2162 1732 2243 Pere
1745 2171 1867 2243 Sors
1860 2186 2011 2277 pages

440 2301 479 2378 y
484 2287 537 2347 de
551 2258 737 2346 Beatriu
755 2282 945 2371 defuncts
954 2280 1029 2338 ab
1038 2269 1308 2371 Margarida
1313 2276 1461 2343 viuda
1481 2276 1533 2332 de
1551 2254 1702 2365 Luys
1701 2267 1984 2377 Magrinya

446 2371 582 2472 peller
596 2373 651 2429 de
659 2350 812 2453 Bara

445 2453 507 2518 dit
514 2459 587 2512 dia
598 2447 732 2515 rebere
743 2456 794 2513 de
805 2439 978 2512 Antoni
988 2436 1116 2509 Vidal
1119 2447 1236 2536 jove
1250 2442 1411 2528 mestre
1425 2445 1473 2498 de
1481 2447 1594 2525 cases
1607 2449 1791 2502 natural
1808 2445 1861 2497 de
1867 2428 1963 2502 St

454 2533 548 2638 Gim
565 2551 621 2605 de
626 2540 680 2605 la
703 2518 891 2634 Rabassa
911 2526 1033 2634 bisbat
1061 2540 1114 2601 de
1112 2533 1219 2601 Vich
1215 2536 1317 2613 fill
1326 2539 1375 2598 de
1394 2518 1572 2595 Antoni
1593 2527 1732 2599 Vidal
1707 2497 1800 2549 mestre
1802 2499 1844 2537 de
1838 2496 1930 2547 cases
1724 2546 1771 2613 y
1775 2533 1818 2585 de
1838 2524 2041 2608 Elisabeth

449 2630 518 2687 ab
520 2634 677 2724 juana
697 2631 837 2696 viuda
857 2630 908 2690 de
917 2636 1038 2727 juan
1052 2634 1276 2724 Sescomes
1281 2639 1438 2731 pages
1448 2628 1503 2686 de
1511 2619 1686 2706 fransa

436 2725 513 2789 dit
523 2726 612 2788 dia
613 2716 764 2786 rebere
763 2729 817 2791 de
802 2719 987 2831 Joseph
990 2716 1106 2822 Gali
1110 2732 1282 2791 vedrier
1298 2713 1513 2783 habitant
1518 2743 1582 2781 en
1595 2699 1765 2810 Bara
1754 2717 1854 2806 fill
1859 2722 1914 2781 de
1901 2705 2020 2813 jaue

434 2814 557 2905 Gali
550 2832 741 2922 parayre
758 2809 814 2882 de
821 2812 1038 2907 Manresa
1030 2842 1089 2895 y
1103 2821 1148 2876 de
1167 2811 1408 2880 Catherina
1427 2811 1635 2893 defuncts
1647 2805 1719 2877 ab
1733 2802 2021 2895 Hieronyma

436 2918 585 2975 viuda
595 2913 651 2981 de
641 2907 895 3020 francesch
910 2903 1102 2978 Vendrell
1098 2912 1275 2981 vedrier
1293 2913 1353 2981 de
1362 2886 1537 3002 Bara

430 3010 504 3076 dit
509 3004 596 3072 dia
604 3001 764 3080 rebere
782 3013 840 3077 de
854 2976 1149 3082 Barthomeu
1160 3004 1363 3119 Genelose
1377 3013 1540 3100 Italia
1545 3020 1704 3122 pintor
1709 3002 1923 3076 habitant
1932 3037 2011 3082 en

425 3078 578 3186 Bara
584 3093 663 3171 ab
650 3108 834 3202 Juana
841 3089 1044 3190 donsella
1025 3100 1162 3202 filla
1190 3102 1254 3174 de
1281 3086 1497 3181 Bernat
1494 3106 1677 3199 febrer
1700 3106 1756 3180 de
1769 3081 1988 3222 Bara

404 3227 467 3291 y
478 3209 528 3266 de
547 3182 719 3272 Anna
742 3182 994 3281 defuncts
