2690 3794
296 239 553 370 Dilluns
552 322 600 365 a
616 307 678 365 2
677 287 831 370 rebere
832 301 894 365 de
872 303 1066 409 Jaume
1078 301 1203 392 Costa
1213 317 1369 402 pages
1381 301 1443 376 de
1450 289 1593 378 Corro
1601 307 1746 368 devall
1738 301 1858 409 fill
1867 305 1968 378 de

351 387 562 482 domingo
574 387 699 476 Costa
705 385 873 491 rajoler
897 395 1072 478 defunct
1063 418 1131 480 y
1130 391 1187 462 de
1200 387 1426 482 francina
1444 395 1517 462 ab
1529 389 1814 503 Magdalena
1825 387 2002 497 dosella

353 477 494 583 filla
510 484 570 542 de
620 486 676 556 t
737 475 894 562 Sala
900 481 1062 601 pages
1069 490 1138 562 de
1137 484 1256 564 Corro
1255 481 1451 562 demunt
1471 486 1667 587 defunct
1658 516 1725 606 y
1736 487 1805 554 de
1825 484 1881 554 t

353 576 447 640 Dit
461 578 532 642 dia
557 566 712 647 rebere
732 584 788 653 de
787 563 913 653 Pere
927 578 1047 677 Gori
1061 594 1199 696 pages
1205 592 1273 657 de
1262 570 1532 688 Vilamajor
1524 588 1646 688 fill
1649 592 1720 661 de
1715 566 1843 661 Pere
1844 578 1981 689 Gori

372 681 505 782 pages
516 693 564 776 y
565 664 636 741 de
641 662 926 743 Catherina
940 676 1155 774 defuncts
1173 676 1246 747 ab
1260 668 1549 782 Margarida
1556 682 1756 782 donsella
1743 672 1894 778 filla
1910 676 1985 747 de

368 779 545 872 Onofre
557 746 803 882 Puiguert
813 781 947 882 pages
972 777 1045 844 del
1052 770 1155 841 Coll
1162 769 1352 868 defunct
1347 793 1400 864 y
1404 773 1468 841 de
1491 760 1547 833 t

358 875 441 944 Dit
448 871 526 938 dia
529 863 714 938 donare
728 859 924 932 llicentia
914 869 1097 971 gratis
1099 887 1136 936 a
1133 857 1265 968 Jua
1268 849 1403 943 Pau
1408 859 1631 944 Texidor
1651 871 1797 966 sastre
1796 865 1862 936 de
1863 818 2036 952 Bara

345 961 449 1059 fill
448 961 511 1036 de
514 942 641 1039 Pau
645 945 886 1036 Texidor
887 959 1064 1038 barber
1050 986 1125 1057 y
1135 976 1191 1040 de
1200 947 1439 1069 Elisabeth
1457 974 1667 1079 defuncts
1687 959 1754 1038 ab
1766 951 1977 1071 Angela

359 1060 519 1130 viuda
544 1068 611 1130 de
622 1050 827 1165 Gaspar
828 1047 1083 1137 Torrents
1088 1078 1261 1184 pages
1266 1066 1326 1137 de
1342 1041 1515 1169 Bara

351 1160 433 1225 Dit
442 1150 524 1219 dia
535 1144 676 1225 rebere
686 1160 742 1225 de
734 1152 867 1254 Jua
849 1136 1040 1260 Perega
1067 1168 1295 1264 comissari
1294 1164 1411 1233 real
1412 1154 1635 1231 habitant
1641 1183 1712 1231 en
1728 1126 1900 1241 Bara
1891 1156 2027 1231 viudo

355 1244 439 1319 ab
446 1244 615 1352 Gratia
637 1242 848 1358 donsella
855 1250 1007 1356 filla
1014 1256 1066 1319 de
1054 1250 1216 1360 Juan
1243 1244 1489 1327 Carbonell
1491 1256 1727 1362 negociant
1730 1256 1799 1317 de
1819 1228 1977 1340 Bara

332 1371 399 1451 y
400 1359 460 1419 de
474 1339 750 1419 Catherina
760 1343 996 1446 defuncts

345 1447 428 1516 Dit
432 1441 513 1510 dia
525 1429 674 1514 rebere
677 1447 740 1516 de
724 1441 873 1547 Juan
889 1427 1081 1506 Marçal
1061 1441 1227 1543 sastre
1245 1421 1320 1495 del
1311 1447 1436 1533 regne
1448 1427 1511 1489 de
1510 1408 1703 1492 Valentia
1715 1404 1917 1489 habitant
1925 1445 1987 1485 en

347 1517 524 1633 Bara
529 1536 594 1604 ab
601 1529 784 1606 Maria
790 1538 964 1610 viuda
989 1544 1047 1610 de
1113 1533 1163 1598 t
1211 1521 1413 1631 Miquel
1412 1521 1568 1637 pages
1569 1519 1693 1590 mori
1702 1539 1761 1584 en
1783 1501 2002 1629 Manresa

347 1636 437 1709 Dit
436 1638 526 1711 dia
538 1628 682 1709 rebere
698 1642 744 1705 de
749 1634 877 1742 Diego
895 1607 1009 1699 Ros
1014 1648 1229 1707 mariner
1228 1640 1295 1711 de
1300 1624 1523 1705 Menorca
1539 1615 1761 1690 habitant
1772 1644 1828 1692 en
1853 1589 2010 1723 Bara

355 1730 439 1797 ab
434 1712 619 1797 Paula
627 1724 829 1832 donsella
834 1728 975 1828 filla
986 1734 1051 1801 de
1029 1728 1182 1838 Juan
1202 1716 1392 1799 Morato
1397 1724 1591 1826 calafat
1614 1730 1659 1791 de
1677 1689 1837 1817 Bara
1827 1716 2025 1805 defunct

336 1851 413 1920 y
417 1837 481 1895 de
474 1833 676 1932 Juana

355 1925 437 1998 Dit
446 1931 519 2000 dia
535 1909 695 1994 rebere
703 1925 767 1988 de
777 1905 968 1986 Llorens
978 1890 1100 2023 Puig
1122 1890 1369 2008 Llentisclar
1395 1913 1606 2010 negociant
1622 1903 1678 1971 de
1687 1878 1890 1963 Mataro
1880 1884 1996 1986 fill

351 2034 416 2099 de
421 1997 721 2096 Barthomeu
739 1991 888 2115 Puig
902 2003 1170 2115 Llentisclar
1183 2015 1417 2107 negociant
1425 2005 1498 2076 de
1503 1997 1684 2078 Mataro
1698 1993 1890 2094 defunct
1878 2015 1953 2096 y

345 2124 407 2197 de
415 2112 708 2220 Maryanna
737 2108 824 2197 ab
838 2095 1045 2191 Eularia
1054 2114 1242 2226 dosella
1245 2112 1390 2207 filla
1399 2108 1468 2182 de
1488 2093 1676 2215 Miquel
1687 2091 1862 2172 Mallol
1855 2087 2032 2209 pages

336 2221 405 2287 de
427 2206 680 2322 Argentona
675 2243 748 2318 y
762 2225 827 2287 de
843 2198 1057 2283 Eularia

326 2294 505 2369 Dimars
516 2325 558 2367 a
563 2305 612 2367 3
637 2292 780 2369 rebere
790 2311 850 2371 de
828 2302 951 2406 Jua
967 2274 1131 2367 Bordes
1149 2284 1335 2385 calsater
1345 2276 1409 2347 de
1414 2274 1576 2379 calsas
1582 2276 1640 2347 de
1643 2280 1816 2375 agulla
1834 2276 1926 2353 de

332 2372 579 2490 Puigcerda
599 2387 755 2494 bisbat
754 2395 812 2459 de
838 2384 966 2464 Elna
991 2370 1220 2455 habitant
1228 2401 1303 2455 en
1311 2358 1466 2468 Bara
1463 2372 1576 2476 fill
1580 2378 1640 2443 de
1645 2352 1775 2445 Pere
1785 2346 1964 2447 Bordes

347 2504 483 2595 pages
478 2512 549 2582 y
554 2493 611 2560 de
607 2489 803 2588 Juana
826 2487 1028 2585 defuncts
1050 2464 1123 2547 ab
1126 2460 1295 2556 Paula
1311 2481 1464 2552 viuda
1482 2473 1540 2541 de
1520 2458 1716 2580 Joseph
1721 2446 1847 2541 Ros
1840 2479 2000 2578 pages

349 2594 405 2652 de
398 2555 572 2677 Bara

343 2659 411 2728 Dit
419 2666 488 2730 dia
501 2659 642 2728 rebere
654 2666 708 2722 de
698 2649 824 2748 Jua
828 2649 985 2748 Gibert
997 2653 1127 2744 #
1141 2659 1329 2748 calsater
1349 2645 1430 2720 del
1435 2666 1555 2747 regne
1575 2653 1629 2716 de
1626 2639 1816 2734 frança
1827 2633 1955 2714 habi=

343 2754 456 2816 tant
470 2772 526 2814 en
542 2731 689 2837 Bara
696 2746 769 2820 ab
781 2743 1081 2845 Maryangela
1095 2739 1254 2814 viuda
1264 2747 1329 2808 de
1323 2739 1468 2847 Jua
1476 2723 1627 2808 Arbos
1634 2733 1837 2810 barrater
1840 2741 1894 2802 de
1893 2711 2040 2829 Bara

330 2829 549 2910 Dimecres
557 2873 594 2913 a
610 2854 663 2923 4
684 2838 844 2910 rebere
836 2850 894 2917 de
912 2825 1108 2923 Bertran
1107 2850 1248 2944 font
1253 2850 1451 2950 traginer
1464 2835 1676 2918 habitant
1681 2869 1752 2913 en
1781 2815 1934 2944 Bara

343 2932 469 2997 viudo
506 2936 579 3009 ab
588 2930 799 3052 Sperasa
809 2943 1015 3044 donsella
1008 2944 1150 3040 filla
1177 2946 1229 3019 de
1219 2946 1307 3038 #
1317 2922 1500 3054 Raphel
1497 2920 1655 3050 Pages
1677 2957 1860 3052 traginer
1866 2953 1936 3017 de

341 3014 566 3106 Mataro
559 3051 632 3120 y
650 3037 706 3113 de
726 3037 892 3136 julita
914 3037 1138 3138 defuncts

324 3123 488 3230 Dijous
504 3152 541 3198 a
567 3143 623 3204 5
627 3129 780 3204 rebere
787 3141 844 3212 de
857 3123 1040 3206 Antoni
1048 3129 1267 3249 Granera
1283 3147 1521 3249 negociant
1535 3141 1591 3212 de
1605 3127 1818 3239 Terrassa
1827 3141 1926 3235 fill

341 3223 396 3280 de
415 3223 587 3292 Antoni
595 3217 803 3335 Granera
832 3232 1076 3337 apothecari
1069 3254 1134 3321 y
1143 3232 1203 3296 de
1222 3209 1409 3304 Eularia
1444 3223 1528 3298 ab
1541 3211 1733 3310 Eularia
1749 3232 1953 3333 donsella

313 3305 449 3395 filla
470 3318 524 3389 de
548 3322 699 3415 jaume
715 3305 928 3395 Ameller
929 3336 1087 3417 pages
1092 3322 1278 3423 defunct
1272 3348 1335 3437 y
1334 3328 1388 3399 de
1402 3332 1458 3389 t
1495 3326 1604 3395 tots
1607 3315 1663 3397 de
1679 3324 1771 3395 dita
1796 3326 1941 3397 vila
