2690 3794
404 343 637 452 Diumenge
649 358 696 420 al
701 349 782 457 pr
778 352 915 422 rebere
929 363 981 424 de
997 345 1187 422 Bernat
1204 361 1254 424 de
1270 349 1325 419 la
1339 350 1437 422 Creu
1451 374 1578 460 pages
1592 363 1658 422 del
1661 378 1782 457 regne
1784 372 1832 424 de
1835 358 2012 446 frança

428 445 620 512 habitant
634 472 693 515 en
707 451 865 513 Sarria
894 449 960 508 ab
961 442 1217 535 Margarida
1218 447 1355 508 viuda
1371 456 1426 510 de
1444 442 1598 542 Guille
1584 445 1697 528 font
1700 468 1828 546 pages
1841 459 1899 515 del
1906 468 2049 512 carrer

428 550 478 600 de
467 538 631 635 Jesus

413 632 485 695 A
493 630 547 690 2
560 627 617 685 de
621 614 692 688 dit
715 624 852 666 #
702 581 892 625 #donarem
851 613 926 668 a
905 596 1144 689 francesch
1167 569 1385 689 Bressens
1391 599 1458 662 de
1455 594 1585 655 Canet
1586 593 1741 682 ferrer
1729 594 1890 693 galiot
1903 593 1978 665 de

430 698 491 762 la
507 703 708 790 Capitana
726 696 771 753 de
793 685 1052 773 Cathalunya
1053 687 1146 779 fill
1165 685 1219 755 de
1238 676 1400 782 Guille
1406 658 1632 770 Bressens
1639 699 1767 782 pages
1779 692 1836 749 de
1844 681 1978 746 Canet

417 814 465 875 y
471 798 521 855 de
521 785 685 873 Juana
694 780 904 870 defuncts
924 781 1000 844 ab
1006 772 1187 844 Monica
1197 778 1336 844 viuda
1363 776 1424 844 de
1425 752 1718 840 Barthomeu
1736 747 1976 835 Bertran

430 890 625 948 mariner
639 888 756 944 mori
763 894 818 941 en
832 872 1056 957 Serdenya

417 981 485 1042 A
501 981 549 1042 4
568 983 618 1040 de
626 965 695 1037 dit
701 963 839 1033 rebere
853 972 902 1030 de
894 963 1043 1061 Juan
1047 938 1207 1053 Bosch
1219 954 1383 1019 texidor
1388 959 1441 1017 de
1455 954 1518 1013 lli
1534 952 1587 1013 de
1588 927 1675 1013 St
1655 929 1849 1017 Andreu
1861 954 1913 1015 de
1921 945 2008 1017 La

422 1045 594 1131 Barca
607 1061 751 1126 viudo
763 1061 837 1124 ab
853 1050 1031 1126 Eularia
1047 1052 1219 1150 donsella
1216 1049 1338 1139 filla
1349 1052 1402 1115 de
1414 1038 1619 1108 Lleonart
1616 1032 1740 1109 Petit
1741 1052 1886 1137 mestre
1900 1047 1976 1106 de

424 1154 547 1251 cases
551 1167 603 1221 de
613 1158 702 1219 dita
705 1149 934 1259 parrochia
933 1179 992 1240 y
1006 1156 1067 1219 de
1109 1152 1151 1213 t
1162 1143 1373 1234 defuncts

413 1252 485 1319 A
490 1252 558 1317 dit
566 1256 640 1311 dia
652 1241 790 1311 rebere
817 1252 867 1310 de
886 1225 1067 1344 Phelip
1081 1234 1288 1315 Carreras
1305 1248 1501 1308 serrador
1511 1243 1593 1308 del
1599 1256 1733 1335 regne
1747 1239 1802 1301 de
1792 1238 1995 1342 frança

437 1343 661 1411 habitant
671 1362 745 1410 en
765 1334 895 1453 Gava
920 1345 994 1413 ab
1010 1332 1200 1406 Eularia
1212 1341 1398 1435 donsella
1397 1338 1523 1435 filla
1545 1340 1598 1399 de
1610 1318 1785 1399 Ramon
1807 1309 2008 1391 Barru=

411 1443 496 1537 fet
495 1449 657 1535 ferrer
652 1472 713 1535 y
729 1447 801 1519 de
815 1421 1011 1508 Eularia
1027 1441 1231 1528 defuncts
1249 1447 1303 1508 de
1320 1438 1419 1504 dita
1416 1429 1654 1544 parrochia
1672 1441 1722 1501 de
1743 1427 1886 1537 Gava

404 1539 466 1606 A
488 1545 539 1597 5
544 1525 693 1593 rebere
701 1534 751 1593 de
763 1510 865 1591 Pau
881 1523 1003 1595 Soler
1014 1532 1200 1591 scudaller
1204 1539 1258 1595 de
1259 1507 1398 1621 Bara
1380 1530 1484 1617 fill
1494 1536 1544 1591 de
1545 1514 1649 1590 Pau
1665 1530 1776 1593 Soler
1768 1545 1897 1632 pages
1913 1534 1980 1588 de=

398 1629 545 1715 funct
536 1656 594 1712 y
606 1625 667 1690 de
688 1607 906 1679 Catherina
935 1616 1007 1682 ab
1008 1612 1172 1680 Maria
1191 1623 1381 1712 donsella
1377 1618 1499 1706 filla
1515 1621 1564 1677 de
1560 1614 1791 1710 francesch
1784 1620 1971 1712 febrer

417 1743 537 1831 pages
555 1725 607 1788 de
615 1696 805 1781 Premia
817 1716 1001 1800 defunct
982 1747 1046 1806 y
1055 1725 1112 1788 de
1126 1698 1305 1784 Eularia

398 1827 479 1897 A
486 1825 545 1895 dit
551 1823 629 1884 dia
641 1810 775 1884 rebere
793 1823 846 1884 de
855 1797 1035 1915 Raphel
1045 1792 1222 1882 Planes
1240 1808 1441 1915 blanquer
1448 1819 1497 1871 de
1511 1776 1667 1897 Bara
1648 1798 1757 1888 fill
1773 1807 1830 1861 de
1841 1774 1976 1862 Pere

415 1901 592 1993 Planes
609 1903 813 2020 blanquer
838 1925 887 1981 de
912 1889 1069 2002 Bara
1042 1940 1112 2008 y
1120 1920 1175 1984 de
1184 1898 1344 1977 Anna
1369 1916 1441 1971 ab
1437 1881 1594 1984 Anna
1616 1887 1787 1960 Maria
1801 1894 1993 2002 donsella

407 2014 539 2102 filla
564 2018 616 2081 de
636 2025 786 2117 jaume
785 2010 921 2108 font
931 2021 1072 2079 cinter
1087 2014 1142 2079 de
1145 2009 1256 2081 Vich
1244 2041 1299 2097 y
1305 2012 1364 2081 de
1365 1982 1523 2078 Anna
1537 1996 1761 2093 defuncts

407 2110 476 2179 A
471 2121 532 2179 dit
536 2118 608 2173 dia
619 2105 758 2171 rebere
769 2116 824 2171 de
840 2083 1028 2166 Bertran
1021 2098 1160 2195 Isern
1174 2120 1381 2201 negociant
1386 2109 1445 2164 de
1446 2090 1591 2192 Bara
1584 2105 1711 2166 viudo
1741 2094 1813 2160 ab
1803 2090 2030 2188 francisca

428 2198 590 2268 çavall
607 2205 798 2286 donsella
798 2194 925 2282 filla
944 2205 994 2253 de
1000 2180 1119 2257 Pere
1135 2191 1282 2255 çavall
1289 2194 1505 2253 treballador
1519 2196 1566 2253 de
1584 2176 1804 2277 Puigcerda
1816 2181 1965 2281 bisbat

430 2301 479 2362 de
478 2290 607 2379 Urgell
624 2290 788 2368 defunct
785 2309 833 2366 y
838 2290 889 2350 de
916 2280 1187 2377 Margarida

411 2376 489 2444 A
501 2378 541 2437 6
544 2363 682 2439 rebere
692 2378 734 2437 de
744 2374 919 2459 Sebastia
950 2369 1063 2457 Costa
1059 2378 1188 2461 pages
1197 2369 1250 2428 de
1262 2343 1426 2424 Ebrera
1418 2358 1525 2448 fill
1530 2370 1581 2426 de
1588 2342 1695 2422 Pere
1682 2349 1797 2450 Jua
1803 2356 1935 2453 Costa

420 2487 539 2579 pages
553 2469 607 2531 de
621 2449 775 2524 Ebrera
769 2487 826 2546 y
832 2469 882 2526 de
885 2458 1114 2528 Catherina
1128 2460 1336 2542 defuncts
1354 2452 1424 2515 ab
1423 2443 1589 2541 Antiga
1605 2456 1797 2539 donsella
1794 2454 1928 2541 filla
1940 2460 2001 2522 de

436 2552 582 2655 Esteva
602 2552 813 2651 Castanyer
830 2551 960 2648 baster
978 2556 1031 2615 de
1047 2541 1273 2613 Martorell
1294 2549 1458 2635 defunct
1470 2572 1512 2646 y
1515 2554 1568 2610 de
1588 2519 1750 2606 Eleonor

415 2652 493 2724 A
496 2656 555 2719 7
568 2642 723 2724 rebere
725 2661 775 2717 de
759 2649 895 2741 Juan
909 2636 1046 2711 Creus
1053 2640 1271 2706 velluter
1264 2645 1328 2710 de
1337 2636 1578 2706 Martorell
1585 2636 1787 2705 habitant
1788 2647 1853 2708 en
1853 2622 2004 2724 Bara

411 2738 522 2832 fill
531 2749 579 2808 de
587 2745 826 2810 Salvador
840 2732 975 2806 Creus
959 2741 1127 2833 sastre
1146 2747 1196 2804 de
1214 2725 1450 2797 Martorell
1436 2756 1490 2811 y
1508 2734 1561 2795 de
1579 2718 1782 2821 Elisabeth
1801 2725 1883 2791 ab
1870 2710 2030 2791 Paula

426 2834 622 2939 donsella
621 2831 770 2926 filla
791 2840 850 2901 de
849 2845 1017 2931 jaume
1034 2803 1160 2895 Poch
1159 2834 1308 2921 mestre
1317 2832 1378 2893 de
1380 2831 1520 2922 cases
1532 2829 1598 2897 de
1586 2820 1808 2931 Igolada
1822 2816 2001 2906 defunct

404 2960 463 3021 y
482 2945 536 3000 de
555 2909 717 2992 Anna

379 3018 478 3093 A
480 3016 547 3086 dit
559 3018 637 3082 dia
645 3003 796 3075 rebere
815 3012 865 3066 de
854 2989 1093 3102 francesch
1113 2987 1323 3062 Nicolau
1330 3012 1469 3108 pages
1487 2998 1548 3055 de
1547 2972 1636 3057 St
1614 2980 1761 3080 feliu
1769 2998 1832 3053 de
1842 2982 2008 3059 Llobre=

377 3127 489 3210 gat
486 3105 603 3195 fill
630 3107 685 3170 de
699 3092 979 3199 Montserrat
1008 3079 1245 3161 Nicolau
1238 3111 1378 3195 pages
1397 3085 1572 3183 defunct
1563 3118 1630 3177 y
1637 3089 1692 3157 de
1693 3087 2001 3181 Maryanna

409 3209 478 3279 ab
503 3183 659 3306 Agnes
681 3192 884 3291 donsella
881 3191 1015 3286 filla
1030 3196 1088 3264 de
1116 3183 1310 3295 Galcera
1326 3182 1445 3255 #
1448 3165 1652 3293 Avinyo
1663 3178 1842 3253 hortola
1863 3183 1963 3253 de

404 3276 567 3401 Bara
557 3323 616 3392 y
643 3300 704 3362 de
710 3272 886 3360 Paula
911 3289 1140 3381 defuncts
