2690 3794
353 265 642 395 Divendres
655 335 694 387 a
710 330 774 395 14
795 298 947 382 rebere
957 314 1010 380 de
1022 314 1188 414 Gaspar
1206 300 1361 390 Ribes
1362 330 1506 422 pages
1524 317 1583 390 de
1582 309 1824 414 Valldoreig
1828 311 1939 414 fill
1941 314 2008 385 de

422 416 639 492 Salvador
652 397 804 492 Ribes
811 429 958 522 pages
948 432 1010 509 y
1020 416 1073 484 de
1085 394 1259 509 Antiga
1275 402 1468 500 defuncts
1491 400 1569 479 ab
1568 392 1753 476 Eularia
1757 397 1983 506 donsella

400 505 533 613 filla
556 523 609 584 de
630 508 815 613 Gabriel
827 491 1040 584 Borrull
1044 521 1191 616 pages
1203 513 1259 581 de
1266 499 1500 603 Valldoreig
1513 499 1687 600 defunct
1678 523 1742 594 y
1746 502 1810 576 de
1812 478 2043 600 Maryana

397 615 612 713 Dissapte
630 637 678 691 a
693 628 755 683 15
765 599 925 680 rebere
937 615 998 686 de
1020 602 1177 718 Blasi
1192 610 1388 721 Gimach
1395 610 1659 678 treballador
1672 599 1750 675 del
1749 620 1893 713 regne
1908 602 1980 661 de

406 714 607 815 frança
614 704 826 774 habitant
841 739 905 774 en
921 687 1078 790 Bara
1072 717 1210 782 viudo
1247 712 1317 785 ab
1335 712 1550 780 Saldonia
1557 704 1766 804 donsella
1757 698 1906 801 filla
1919 698 1994 767 de

433 811 639 917 Guillem
647 779 785 882 Petit
800 800 1070 877 treballador
1085 808 1147 885 de
1136 808 1350 912 frança
1365 808 1563 911 defunct
1552 835 1627 914 y
1628 811 1693 882 de
1702 800 2005 877 Saldonia

400 924 502 1011 Dit
515 935 609 1003 dia
617 908 779 1000 rebere
789 924 853 992 de
866 884 1081 992 Bernat
1099 908 1350 998 Maumur
1357 929 1506 1032 pages
1519 908 1616 987 del
1609 935 1753 1019 regne
1771 913 1829 987 de
1815 902 2002 1013 frança

422 1024 645 1100 habitant
660 1053 730 1094 en
737 1002 826 1094 St
827 986 955 1124 Boy
978 1026 1053 1094 ab
1061 1010 1243 1097 Maria
1261 1026 1429 1094 viuda
1442 1018 1511 1092 de
1538 1012 1599 1086 t
1645 1018 1706 1086 de
1708 1007 1849 1084 Latre
1862 986 1994 1081 del

411 1150 573 1242 regne
581 1128 642 1202 de
660 1104 826 1234 Arago

394 1225 480 1301 Dit
485 1233 568 1296 dia
578 1217 713 1296 rebere
726 1228 790 1288 de
792 1195 919 1290 Pere
929 1190 1128 1304 Pujades
1129 1225 1284 1315 pages
1299 1206 1363 1280 de
1371 1176 1558 1274 Alella
1554 1195 1679 1296 fill
1683 1195 1742 1269 de
1763 1166 1884 1264 Pere
1892 1163 1986 1266 Pu=

408 1324 549 1427 jades
548 1346 615 1419 y
622 1324 686 1395 de
704 1297 916 1390 Eularia
943 1314 1021 1385 ab
1028 1289 1232 1382 Eularia
1258 1303 1451 1409 donsella
1445 1303 1602 1403 filla
1615 1292 1684 1368 de
1686 1265 1813 1368 Pere
1823 1270 2010 1366 Portell

397 1418 563 1511 ferrer
559 1451 618 1519 y
627 1426 689 1495 de
688 1410 883 1492 Violant
888 1410 1103 1511 defuncts
1118 1410 1218 1479 tots
1236 1410 1289 1476 de
1305 1399 1407 1473 dita
1412 1389 1681 1516 parrochia

392 1521 483 1602 Dit
498 1521 582 1600 dia
595 1515 752 1600 rebere
759 1528 818 1600 de
825 1499 952 1594 Pere
965 1491 1086 1591 Pau
1099 1523 1243 1591 Sans
1255 1510 1520 1586 treballador
1516 1507 1583 1575 de
1590 1499 1744 1605 Llissa
1757 1494 1983 1567 demunt

383 1625 499 1739 fill
518 1639 568 1696 de
606 1631 664 1696 t
715 1623 870 1702 Sans
877 1644 1021 1747 pages
1031 1625 1215 1723 defunct
1206 1650 1276 1723 y
1280 1623 1339 1696 de
1357 1625 1402 1688 t
1428 1612 1509 1680 ab
1505 1582 1665 1677 Paula
1675 1599 1879 1707 donsella
1878 1593 2021 1693 filla

416 1741 475 1817 de
526 1741 584 1806 t
663 1725 933 1841 Masmitja
926 1757 1004 1828 y
1011 1736 1062 1804 de
1080 1736 1136 1804 t

389 1843 483 1927 Dit
496 1857 584 1925 dia
595 1843 755 1925 rebere
773 1851 828 1916 de
847 1824 1100 1941 Hieronym
1113 1821 1352 1906 Muntalt
1360 1835 1495 1941 pages
1508 1824 1574 1893 de
1576 1803 1657 1887 St
1645 1800 1840 1887 Andreu
1850 1819 1909 1879 de
1924 1795 1991 1871 Lle=

405 1959 609 2022 vaneres
614 1948 724 2037 fill
732 1945 793 2016 de
789 1945 938 2048 juan
957 1926 1207 2005 Muntalt
1209 1940 1355 2048 pages
1351 1956 1415 2022 y
1428 1926 1484 2000 de
1488 1921 1646 2037 joana
1661 1910 1876 2022 defuncts
1892 1900 1994 1984 ab

411 2042 658 2121 Catherina
671 2039 873 2142 donsella
882 2042 1012 2132 filla
1028 2039 1084 2107 de
1096 2012 1218 2107 Pere
1236 2021 1435 2105 Colomer
1434 2047 1574 2145 pages
1590 2029 1654 2105 de
1669 2007 1868 2124 Arenys
1862 2010 2019 2132 bisbat

413 2160 467 2226 de
490 2139 670 2247 Girona
680 2139 875 2245 defunct
866 2163 930 2234 y
940 2144 1004 2212 de
1000 2133 1196 2242 Joana

392 2249 486 2322 Dit
498 2249 587 2314 dia
592 2235 738 2314 rebere
751 2252 812 2314 de
803 2230 1073 2338 francesch
1080 2222 1270 2338 Giscart
1283 2222 1528 2298 treballador
1538 2222 1596 2295 de
1604 2200 1698 2298 St
1658 2214 1808 2322 feliu
1817 2227 1882 2293 de
1894 2200 1991 2285 Llo=

411 2335 552 2454 bregat
559 2343 667 2443 fill
682 2343 735 2414 de
751 2335 998 2411 Salvador
1011 2321 1204 2443 Giscart
1195 2367 1254 2435 y
1266 2337 1322 2403 de
1332 2316 1509 2403 Maria
1527 2327 1731 2422 defuncta
1746 2321 1816 2392 ab
1821 2301 1996 2398 Anna

404 2449 599 2542 donsella
608 2437 724 2532 filla
745 2440 804 2500 de
822 2418 1100 2532 Montserrat
1107 2413 1328 2532 Panyella
1340 2445 1487 2543 pages
1480 2453 1547 2524 y
1554 2429 1613 2500 de
1634 2410 1923 2524 Maryanna

386 2539 478 2621 Dit
490 2537 560 2607 dia
570 2526 722 2599 rebere
732 2542 785 2605 de
778 2531 922 2634 Joan
937 2523 1045 2632 Gili
1055 2545 1196 2634 pages
1201 2539 1265 2602 de
1272 2526 1446 2599 Torello
1450 2515 1607 2629 bisbat
1617 2531 1673 2594 de
1669 2523 1783 2596 Vich
1790 2520 2002 2594 habitant

411 2657 469 2707 en
471 2622 774 2701 Vallromanes
770 2625 883 2728 fill
896 2628 960 2696 de
946 2622 1095 2728 Joan
1110 2622 1218 2723 Gili
1225 2633 1361 2731 pages
1351 2649 1418 2715 y
1431 2622 1487 2690 de
1494 2617 1731 2690 Catherina
1743 2606 1975 2720 defuncts

408 2724 475 2793 ab
485 2719 650 2793 Maria
657 2730 845 2822 donsella
844 2716 974 2811 filla
987 2724 1051 2782 de
1055 2700 1245 2819 Raphel
1261 2706 1484 2785 Vilardell
1475 2733 1621 2828 pages
1612 2735 1668 2798 y
1678 2716 1739 2774 de
1749 2719 1898 2801 Antiga
1894 2668 2060 2806 defucta

397 2805 593 2903 Diumege
600 2840 634 2879 a
649 2821 719 2879 16
721 2808 883 2879 rebere
882 2818 941 2881 de
946 2805 1177 2903 francesch
1190 2797 1314 2908 Roig
1324 2827 1462 2914 pages
1469 2816 1517 2873 de
1532 2797 1690 2900 Sitges
1678 2803 1778 2892 fill
1787 2808 1840 2876 de
1845 2797 1994 2898 Joan

402 2891 530 3002 Roig
537 2915 678 3010 pages
671 2924 741 2992 y
748 2907 807 2973 de
814 2883 1021 2973 Violant
1028 2899 1234 2989 defuncts
1247 2899 1325 2965 ab
1349 2886 1520 2965 Maria
1530 2886 1731 2994 donsella
1730 2886 1876 2983 filla
1886 2886 1986 2951 de

400 3009 533 3099 joan
551 2982 727 3099 Arevig
729 3009 949 3064 mariner
951 3023 1004 3099 y
1006 3001 1062 3064 de
1074 2969 1300 3091 Raphela
1329 2961 1443 3054 tots
1453 2991 1520 3059 de
1527 2985 1648 3051 dita
1656 2982 1778 3045 vila

397 3098 563 3161 Dilluns
572 3122 612 3161 a
622 3103 694 3158 17
710 3085 859 3158 rebere
869 3095 922 3156 de
926 3098 1067 3188 jaume
1096 3071 1281 3172 Alzina
1299 3109 1440 3193 pages
1442 3087 1506 3153 de
1505 3074 1723 3153 Cardedeu
1713 3074 1821 3169 fill
1834 3071 1895 3142 de
1902 3047 2030 3137 Pere

402 3179 587 3260 Alzina
595 3197 741 3285 pages
740 3205 788 3258 y
795 3182 848 3241 de
850 3182 998 3277 joana
1011 3168 1240 3271 defuncta
1272 3173 1344 3244 ab
1343 3163 1624 3263 Hieronyma
1631 3168 1827 3271 donsella
1812 3160 1939 3260 filla
1947 3165 2002 3225 de

402 3265 502 3370 Joa
518 3267 623 3373 Gori
636 3265 768 3362 fuster
781 3267 834 3338 de
833 3257 1075 3368 Vilamajor
1061 3294 1128 3365 y
1146 3267 1210 3335 de
1222 3240 1383 3330 Paula
1401 3240 1643 3362 defuncts
