<?xml version="1.0" encoding="utf-8"?>
<PcGts xmlns="http://schema.primaresearch.org/PAGE/gts/pagecontent/2013-07-15">
  <Metadata>
    <Creator>GeneraPageCompeition</Creator>
    <Created>2017-11-30T18:34:49Z</Created>
    <LastChange>2017-11-30T18:34:49Z</LastChange>
  </Metadata>
  <Page imageFilename="Volum_069_Registres_0094.jpg" imageHeight="3794" imageWidth="2690">
    <Property key="idPage" value="10444"/>
    <TextRegion id="Record1">
      <Coords points="0,0 0,0"/>
      <TextLine id="Record1_Line0">
        <Coords points="0,0 0,0"/>
        <Word id="Record1_Line0_Word0">
          <Property key="category" value="other"/>
          <Property key="person" value="none"/>
          <Coords points="356,303 587,303 587,380 356,380"/>
          <TextEquiv>
            <Unicode>Dimecres</Unicode>
          </TextEquiv>
        </Word>
        <Word id="Record1_Line0_Word1">
          <Property key="category" value="other"/>
          <Property key="person" value="none"/>
          <Coords points="595,332 631,332 631,370 595,370"/>
          <TextEquiv>
            <Unicode>a</Unicode>
          </TextEquiv>
        </Word>
        <Word id="Record1_Line0_Word2">
          <Property key="category" value="other"/>
          <Property key="person" value="none"/>
          <Coords points="633,313 708,313 708,383 633,383"/>
          <TextEquiv>
            <Unicode>30</Unicode>
          </TextEquiv>
        </Word>
        <Word id="Record1_Line0_Word3">
          <Property key="category" value="other"/>
          <Property key="person" value="none"/>
          <Coords points="723,300 864,300 864,372 723,372"/>
          <TextEquiv>
            <Unicode>rebere</Unicode>
          </TextEquiv>
        </Word>
        <Word id="Record1_Line0_Word4">
          <Property key="category" value="other"/>
          <Property key="person" value="none"/>
          <Coords points="863,313 925,313 925,375 863,375"/>
          <TextEquiv>
            <Unicode>de</Unicode>
          </TextEquiv>
        </Word>
        <Word id="Record1_Line0_Word5">
          <Property key="category" value="name"/>
          <Property key="person" value="husband"/>
          <Coords points="938,304 1219,304 1219,402 938,402"/>
          <TextEquiv>
            <Unicode>Montserrat</Unicode>
          </TextEquiv>
        </Word>
        <Word id="Record1_Line0_Word6">
          <Property key="category" value="surname"/>
          <Property key="person" value="husband"/>
          <Coords points="1225,316 1355,316 1355,404 1225,404"/>
          <TextEquiv>
            <Unicode>Cases</Unicode>
          </TextEquiv>
        </Word>
        <Word id="Record1_Line0_Word7">
          <Property key="category" value="occupation"/>
          <Property key="person" value="husband"/>
          <Coords points="1357,327 1498,327 1498,415 1357,415"/>
          <TextEquiv>
            <Unicode>pages</Unicode>
          </TextEquiv>
        </Word>
        <Word id="Record1_Line0_Word8">
          <Property key="category" value="other"/>
          <Property key="person" value="none"/>
          <Coords points="1502,316 1561,316 1561,380 1502,380"/>
          <TextEquiv>
            <Unicode>de</Unicode>
          </TextEquiv>
        </Word>
        <Word id="Record1_Line0_Word9">
          <Property key="category" value="location"/>
          <Property key="person" value="husband"/>
          <Coords points="1576,319 1846,319 1846,404 1576,404"/>
          <TextEquiv>
            <Unicode>Serdanyola</Unicode>
          </TextEquiv>
        </Word>
        <Word id="Record1_Line0_Word10">
          <Property key="category" value="other"/>
          <Property key="person" value="none"/>
          <Coords points="1848,316 1953,316 1953,404 1848,404"/>
          <TextEquiv>
            <Unicode>fill</Unicode>
          </TextEquiv>
        </Word>
        <Word id="Record1_Line0_Word11">
          <Property key="category" value="other"/>
          <Property key="person" value="none"/>
          <Coords points="1944,329 2010,329 2010,388 1944,388"/>
          <TextEquiv>
            <Unicode>de</Unicode>
          </TextEquiv>
        </Word>
      </TextLine>
      <TextLine id="Record1_Line1">
        <Coords points="0,0 0,0"/>
        <Word id="Record1_Line1_Word0">
          <Property key="category" value="name"/>
          <Property key="person" value="husbands_father"/>
          <Coords points="386,387 590,387 590,483 386,483"/>
          <TextEquiv>
            <Unicode>Raphel</Unicode>
          </TextEquiv>
        </Word>
        <Word id="Record1_Line1_Word1">
          <Property key="category" value="surname"/>
          <Property key="person" value="husbands_father"/>
          <Coords points="606,401 727,401 727,491 606,491"/>
          <TextEquiv>
            <Unicode>Cases</Unicode>
          </TextEquiv>
        </Word>
        <Word id="Record1_Line1_Word2">
          <Property key="category" value="occupation"/>
          <Property key="person" value="husbands_father"/>
          <Coords points="737,419 859,419 859,494 737,494"/>
          <TextEquiv>
            <Unicode>pages</Unicode>
          </TextEquiv>
        </Word>
        <Word id="Record1_Line1_Word3">
          <Property key="category" value="other"/>
          <Property key="person" value="none"/>
          <Coords points="858,424 916,424 916,491 858,491"/>
          <TextEquiv>
            <Unicode>y</Unicode>
          </TextEquiv>
        </Word>
        <Word id="Record1_Line1_Word4">
          <Property key="category" value="other"/>
          <Property key="person" value="none"/>
          <Coords points="921,408 977,408 977,476 921,476"/>
          <TextEquiv>
            <Unicode>de</Unicode>
          </TextEquiv>
        </Word>
        <Word id="Record1_Line1_Word5">
          <Property key="category" value="name"/>
          <Property key="person" value="husbands_mother"/>
          <Coords points="996,393 1237,393 1237,494 996,494"/>
          <TextEquiv>
            <Unicode>Elisabeth</Unicode>
          </TextEquiv>
        </Word>
        <Word id="Record1_Line1_Word6">
          <Property key="category" value="other"/>
          <Property key="person" value="none"/>
          <Coords points="1250,403 1325,403 1325,478 1250,478"/>
          <TextEquiv>
            <Unicode>ab</Unicode>
          </TextEquiv>
        </Word>
        <Word id="Record1_Line1_Word7">
          <Property key="category" value="name"/>
          <Property key="person" value="wife"/>
          <Coords points="1340,408 1481,408 1481,478 1340,478"/>
          <TextEquiv>
            <Unicode>Elena</Unicode>
          </TextEquiv>
        </Word>
        <Word id="Record1_Line1_Word8">
          <Property key="category" value="state"/>
          <Property key="person" value="wife"/>
          <Coords points="1488,411 1640,411 1640,476 1488,476"/>
          <TextEquiv>
            <Unicode>viuda</Unicode>
          </TextEquiv>
        </Word>
        <Word id="Record1_Line1_Word9">
          <Property key="category" value="other"/>
          <Property key="person" value="none"/>
          <Coords points="1650,414 1714,414 1714,473 1650,473"/>
          <TextEquiv>
            <Unicode>de</Unicode>
          </TextEquiv>
        </Word>
        <Word id="Record1_Line1_Word10">
          <Property key="category" value="name"/>
          <Property key="person" value="other_person"/>
          <Coords points="1732,408 1788,408 1788,473 1732,473"/>
          <TextEquiv>
            <Unicode>t</Unicode>
          </TextEquiv>
        </Word>
        <Word id="Record1_Line1_Word11">
          <Property key="category" value="surname"/>
          <Property key="person" value="other_person"/>
          <Coords points="1837,403 2010,403 2010,476 1837,476"/>
          <TextEquiv>
            <Unicode>Marti</Unicode>
          </TextEquiv>
        </Word>
      </TextLine>
      <TextLine id="Record1_Line2">
        <Coords points="0,0 0,0"/>
        <Word id="Record1_Line2_Word0">
          <Property key="category" value="occupation"/>
          <Property key="person" value="wife"/>
          <Coords points="367,498 552,498 552,589 367,589"/>
          <TextEquiv>
            <Unicode>forner</Unicode>
          </TextEquiv>
        </Word>
        <Word id="Record1_Line2_Word1">
          <Property key="category" value="other"/>
          <Property key="person" value="none"/>
          <Coords points="567,501 628,501 628,565 567,565"/>
          <TextEquiv>
            <Unicode>de</Unicode>
          </TextEquiv>
        </Word>
        <Word id="Record1_Line2_Word2">
          <Property key="category" value="location"/>
          <Property key="person" value="wife"/>
          <Coords points="630,493 831,493 831,578 630,578"/>
          <TextEquiv>
            <Unicode>frança</Unicode>
          </TextEquiv>
        </Word>
        <Word id="Record1_Line2_Word3">
          <Property key="category" value="other"/>
          <Property key="person" value="none"/>
          <Coords points="839,506 955,506 955,560 839,560"/>
          <TextEquiv>
            <Unicode>mort</Unicode>
          </TextEquiv>
        </Word>
        <Word id="Record1_Line2_Word4">
          <Property key="category" value="other"/>
          <Property key="person" value="none"/>
          <Coords points="981,517 1034,517 1034,560 981,560"/>
          <TextEquiv>
            <Unicode>en</Unicode>
          </TextEquiv>
        </Word>
        <Word id="Record1_Line2_Word5">
          <Property key="category" value="other"/>
          <Property key="person" value="none"/>
          <Coords points="1036,490 1097,490 1097,560 1036,560"/>
          <TextEquiv>
            <Unicode>lo</Unicode>
          </TextEquiv>
        </Word>
        <Word id="Record1_Line2_Word6">
          <Property key="category" value="other"/>
          <Property key="person" value="none"/>
          <Coords points="1110,487 1336,487 1336,594 1110,594"/>
          <TextEquiv>
            <Unicode>Hospital</Unicode>
          </TextEquiv>
        </Word>
        <Word id="Record1_Line2_Word7">
          <Property key="category" value="other"/>
          <Property key="person" value="none"/>
          <Coords points="1335,506 1536,506 1536,599 1335,599"/>
          <TextEquiv>
            <Unicode>general</Unicode>
          </TextEquiv>
        </Word>
      </TextLine>
    </TextRegion>
    <TextRegion id="Record2">
      <Coords points="0,0 0,0"/>
      <TextLine id="Record2_Line0">
        <Coords points="0,0 0,0"/>
        <Word id="Record2_Line0_Word0">
          <Property key="category" value="other"/>
          <Property key="person" value="none"/>
          <Coords points="359,596 456,596 456,671 359,671"/>
          <TextEquiv>
            <Unicode>Dit</Unicode>
          </TextEquiv>
        </Word>
        <Word id="Record2_Line0_Word1">
          <Property key="category" value="other"/>
          <Property key="person" value="none"/>
          <Coords points="460,598 541,598 541,668 460,668"/>
          <TextEquiv>
            <Unicode>dia</Unicode>
          </TextEquiv>
        </Word>
        <Word id="Record2_Line0_Word2">
          <Property key="category" value="other"/>
          <Property key="person" value="none"/>
          <Coords points="553,583 733,583 733,663 553,663"/>
          <TextEquiv>
            <Unicode>donare</Unicode>
          </TextEquiv>
        </Word>
        <Word id="Record2_Line0_Word3">
          <Property key="category" value="other"/>
          <Property key="person" value="none"/>
          <Coords points="737,596 941,596 941,660 737,660"/>
          <TextEquiv>
            <Unicode>llicentia</Unicode>
          </TextEquiv>
        </Word>
        <Word id="Record2_Line0_Word4">
          <Property key="category" value="other"/>
          <Property key="person" value="none"/>
          <Coords points="946,590 1015,590 1015,668 946,668"/>
          <TextEquiv>
            <Unicode>de</Unicode>
          </TextEquiv>
        </Word>
        <Word id="Record2_Line0_Word5">
          <Property key="category" value="other"/>
          <Property key="person" value="none"/>
          <Coords points="992,604 1182,604 1182,694 992,694"/>
          <TextEquiv>
            <Unicode>gratia</Unicode>
          </TextEquiv>
        </Word>
        <Word id="Record2_Line0_Word6">
          <Property key="category" value="other"/>
          <Property key="person" value="none"/>
          <Coords points="1201,622 1237,622 1237,660 1201,660"/>
          <TextEquiv>
            <Unicode>a</Unicode>
          </TextEquiv>
        </Word>
        <Word id="Record2_Line0_Word7">
          <Property key="category" value="name"/>
          <Property key="person" value="husband"/>
          <Coords points="1239,575 1366,575 1366,663 1239,663"/>
          <TextEquiv>
            <Unicode>Pere</Unicode>
          </TextEquiv>
        </Word>
        <Word id="Record2_Line0_Word8">
          <Property key="category" value="surname"/>
          <Property key="person" value="husband"/>
          <Coords points="1395,575 1577,575 1577,684 1395,684"/>
          <TextEquiv>
            <Unicode>Rafart</Unicode>
          </TextEquiv>
        </Word>
        <Word id="Record2_Line0_Word9">
          <Property key="category" value="occupation"/>
          <Property key="person" value="husband"/>
          <Coords points="1598,598 1766,598 1766,668 1598,668"/>
          <TextEquiv>
            <Unicode>cotxero</Unicode>
          </TextEquiv>
        </Word>
        <Word id="Record2_Line0_Word10">
          <Property key="category" value="other"/>
          <Property key="person" value="none"/>
          <Coords points="1777,606 1840,606 1840,668 1777,668"/>
          <TextEquiv>
            <Unicode>de</Unicode>
          </TextEquiv>
        </Word>
        <Word id="Record2_Line0_Word11">
          <Property key="category" value="location"/>
          <Property key="person" value="husband"/>
          <Coords points="1837,598 2024,598 2024,684 1837,684"/>
          <TextEquiv>
            <Unicode>frança</Unicode>
          </TextEquiv>
        </Word>
      </TextLine>
      <TextLine id="Record2_Line1">
        <Coords points="0,0 0,0"/>
        <Word id="Record2_Line1_Word0">
          <Property key="category" value="other"/>
          <Property key="person" value="none"/>
          <Coords points="378,688 615,688 615,765 378,765"/>
          <TextEquiv>
            <Unicode>habitant</Unicode>
          </TextEquiv>
        </Word>
        <Word id="Record2_Line1_Word1">
          <Property key="category" value="other"/>
          <Property key="person" value="none"/>
          <Coords points="630,712 700,712 700,763 630,763"/>
          <TextEquiv>
            <Unicode>en</Unicode>
          </TextEquiv>
        </Word>
        <Word id="Record2_Line1_Word2">
          <Property key="category" value="location"/>
          <Property key="person" value="husband"/>
          <Coords points="721,667 894,667 894,787 721,787"/>
          <TextEquiv>
            <Unicode>Bara</Unicode>
          </TextEquiv>
        </Word>
        <Word id="Record2_Line1_Word3">
          <Property key="category" value="other"/>
          <Property key="person" value="none"/>
          <Coords points="893,685 966,685 966,760 893,760"/>
          <TextEquiv>
            <Unicode>ab</Unicode>
          </TextEquiv>
        </Word>
        <Word id="Record2_Line1_Word4">
          <Property key="category" value="name"/>
          <Property key="person" value="wife"/>
          <Coords points="984,685 1273,685 1273,789 984,789"/>
          <TextEquiv>
            <Unicode>Margarida</Unicode>
          </TextEquiv>
        </Word>
        <Word id="Record2_Line1_Word5">
          <Property key="category" value="state"/>
          <Property key="person" value="wife"/>
          <Coords points="1297,688 1503,688 1503,795 1297,795"/>
          <TextEquiv>
            <Unicode>donsella</Unicode>
          </TextEquiv>
        </Word>
        <Word id="Record2_Line1_Word6">
          <Property key="category" value="other"/>
          <Property key="person" value="none"/>
          <Coords points="1502,691 1635,691 1635,784 1502,784"/>
          <TextEquiv>
            <Unicode>filla</Unicode>
          </TextEquiv>
        </Word>
        <Word id="Record2_Line1_Word7">
          <Property key="category" value="other"/>
          <Property key="person" value="none"/>
          <Coords points="1650,693 1712,693 1712,757 1650,757"/>
          <TextEquiv>
            <Unicode>de</Unicode>
          </TextEquiv>
        </Word>
        <Word id="Record2_Line1_Word8">
          <Property key="category" value="name"/>
          <Property key="person" value="wifes_father"/>
          <Coords points="1722,672 1950,672 1950,760 1722,760"/>
          <TextEquiv>
            <Unicode>Antoni</Unicode>
          </TextEquiv>
        </Word>
      </TextLine>
      <TextLine id="Record2_Line2">
        <Coords points="0,0 0,0"/>
        <Word id="Record2_Line2_Word0">
          <Property key="category" value="surname"/>
          <Property key="person" value="wifes_father"/>
          <Coords points="386,762 637,762 637,892 386,892"/>
          <TextEquiv>
            <Unicode>Busquets</Unicode>
          </TextEquiv>
        </Word>
        <Word id="Record2_Line2_Word1">
          <Property key="category" value="occupation"/>
          <Property key="person" value="wifes_father"/>
          <Coords points="657,786 842,786 842,861 657,861"/>
          <TextEquiv>
            <Unicode>sabater</Unicode>
          </TextEquiv>
        </Word>
        <Word id="Record2_Line2_Word2">
          <Property key="category" value="other"/>
          <Property key="person" value="none"/>
          <Coords points="847,791 908,791 908,855 847,855"/>
          <TextEquiv>
            <Unicode>de</Unicode>
          </TextEquiv>
        </Word>
        <Word id="Record2_Line2_Word3">
          <Property key="category" value="location"/>
          <Property key="person" value="wifes_father"/>
          <Coords points="924,764 1095,764 1095,879 924,879"/>
          <TextEquiv>
            <Unicode>Bara</Unicode>
          </TextEquiv>
        </Word>
        <Word id="Record2_Line2_Word4">
          <Property key="category" value="other"/>
          <Property key="person" value="none"/>
          <Coords points="1099,791 1300,791 1300,876 1099,876"/>
          <TextEquiv>
            <Unicode>defunct</Unicode>
          </TextEquiv>
        </Word>
        <Word id="Record2_Line2_Word5">
          <Property key="category" value="other"/>
          <Property key="person" value="none"/>
          <Coords points="1299,807 1350,807 1350,881 1299,881"/>
          <TextEquiv>
            <Unicode>y</Unicode>
          </TextEquiv>
        </Word>
        <Word id="Record2_Line2_Word6">
          <Property key="category" value="other"/>
          <Property key="person" value="none"/>
          <Coords points="1351,791 1415,791 1415,858 1351,858"/>
          <TextEquiv>
            <Unicode>de</Unicode>
          </TextEquiv>
        </Word>
        <Word id="Record2_Line2_Word7">
          <Property key="category" value="name"/>
          <Property key="person" value="wifes_mother"/>
          <Coords points="1423,783 1676,783 1676,850 1423,850"/>
          <TextEquiv>
            <Unicode>Salvadora</Unicode>
          </TextEquiv>
        </Word>
      </TextLine>
    </TextRegion>
    <TextRegion id="Record4">
      <Coords points="0,0 0,0"/>
      <TextLine id="Record4_Line0">
        <Coords points="0,0 0,0"/>
        <Word id="Record4_Line0_Word0">
          <Property key="category" value="other"/>
          <Property key="person" value="none"/>
          <Coords points="364,1171 450,1171 450,1254 364,1254"/>
          <TextEquiv>
            <Unicode>Dit</Unicode>
          </TextEquiv>
        </Word>
        <Word id="Record4_Line0_Word1">
          <Property key="category" value="other"/>
          <Property key="person" value="none"/>
          <Coords points="452,1173 541,1173 541,1240 452,1240"/>
          <TextEquiv>
            <Unicode>dia</Unicode>
          </TextEquiv>
        </Word>
        <Word id="Record4_Line0_Word2">
          <Property key="category" value="other"/>
          <Property key="person" value="none"/>
          <Coords points="551,1160 711,1160 711,1248 551,1248"/>
          <TextEquiv>
            <Unicode>rebere</Unicode>
          </TextEquiv>
        </Word>
        <Word id="Record4_Line0_Word3">
          <Property key="category" value="other"/>
          <Property key="person" value="none"/>
          <Coords points="718,1184 771,1184 771,1251 718,1251"/>
          <TextEquiv>
            <Unicode>de</Unicode>
          </TextEquiv>
        </Word>
        <Word id="Record4_Line0_Word4">
          <Property key="category" value="name"/>
          <Property key="person" value="husband"/>
          <Coords points="756,1171 938,1171 938,1275 756,1275"/>
          <TextEquiv>
            <Unicode>Joseph</Unicode>
          </TextEquiv>
        </Word>
        <Word id="Record4_Line0_Word5">
          <Property key="category" value="surname"/>
          <Property key="person" value="husband"/>
          <Coords points="946,1155 1084,1155 1084,1275 946,1275"/>
          <TextEquiv>
            <Unicode>Puig</Unicode>
          </TextEquiv>
        </Word>
        <Word id="Record4_Line0_Word6">
          <Property key="category" value="occupation"/>
          <Property key="person" value="husband"/>
          <Coords points="1096,1184 1289,1184 1289,1251 1096,1251"/>
          <TextEquiv>
            <Unicode>mariner</Unicode>
          </TextEquiv>
        </Word>
        <Word id="Record4_Line0_Word7">
          <Property key="category" value="other"/>
          <Property key="person" value="none"/>
          <Coords points="1299,1189 1358,1189 1358,1248 1299,1248"/>
          <TextEquiv>
            <Unicode>de</Unicode>
          </TextEquiv>
        </Word>
        <Word id="Record4_Line0_Word8">
          <Property key="category" value="location"/>
          <Property key="person" value="husband"/>
          <Coords points="1368,1160 1525,1160 1525,1275 1368,1275"/>
          <TextEquiv>
            <Unicode>Bara</Unicode>
          </TextEquiv>
        </Word>
        <Word id="Record4_Line0_Word9">
          <Property key="category" value="other"/>
          <Property key="person" value="none"/>
          <Coords points="1521,1173 1624,1173 1624,1275 1521,1275"/>
          <TextEquiv>
            <Unicode>fill</Unicode>
          </TextEquiv>
        </Word>
        <Word id="Record4_Line0_Word10">
          <Property key="category" value="other"/>
          <Property key="person" value="none"/>
          <Coords points="1623,1189 1687,1189 1687,1254 1623,1254"/>
          <TextEquiv>
            <Unicode>de</Unicode>
          </TextEquiv>
        </Word>
        <Word id="Record4_Line0_Word11">
          <Property key="category" value="name"/>
          <Property key="person" value="husbands_father"/>
          <Coords points="1692,1176 1860,1176 1860,1285 1692,1285"/>
          <TextEquiv>
            <Unicode>Giralt</Unicode>
          </TextEquiv>
        </Word>
        <Word id="Record4_Line0_Word12">
          <Property key="category" value="surname"/>
          <Property key="person" value="husbands_father"/>
          <Coords points="1859,1145 1986,1145 1986,1285 1859,1285"/>
          <TextEquiv>
            <Unicode>Puig</Unicode>
          </TextEquiv>
        </Word>
      </TextLine>
      <TextLine id="Record4_Line1">
        <Coords points="0,0 0,0"/>
        <Word id="Record4_Line1_Word0">
          <Property key="category" value="occupation"/>
          <Property key="person" value="husbands_father"/>
          <Coords points="378,1266 579,1266 579,1370 378,1370"/>
          <TextEquiv>
            <Unicode>hostaler</Unicode>
          </TextEquiv>
        </Word>
        <Word id="Record4_Line1_Word1">
          <Property key="category" value="other"/>
          <Property key="person" value="none"/>
          <Coords points="570,1292 634,1292 634,1362 570,1362"/>
          <TextEquiv>
            <Unicode>y</Unicode>
          </TextEquiv>
        </Word>
        <Word id="Record4_Line1_Word2">
          <Property key="category" value="other"/>
          <Property key="person" value="none"/>
          <Coords points="633,1276 694,1276 694,1346 633,1346"/>
          <TextEquiv>
            <Unicode>de</Unicode>
          </TextEquiv>
        </Word>
        <Word id="Record4_Line1_Word3">
          <Property key="category" value="name"/>
          <Property key="person" value="husbands_mother"/>
          <Coords points="721,1258 1001,1258 1001,1362 721,1362"/>
          <TextEquiv>
            <Unicode>Maryanna</Unicode>
          </TextEquiv>
        </Word>
        <Word id="Record4_Line1_Word4">
          <Property key="category" value="other"/>
          <Property key="person" value="none"/>
          <Coords points="1011,1266 1251,1266 1251,1367 1011,1367"/>
          <TextEquiv>
            <Unicode>defuncts</Unicode>
          </TextEquiv>
        </Word>
        <Word id="Record4_Line1_Word5">
          <Property key="category" value="other"/>
          <Property key="person" value="none"/>
          <Coords points="1261,1263 1339,1263 1339,1343 1261,1343"/>
          <TextEquiv>
            <Unicode>ab</Unicode>
          </TextEquiv>
        </Word>
        <Word id="Record4_Line1_Word6">
          <Property key="category" value="name"/>
          <Property key="person" value="wife"/>
          <Coords points="1343,1268 1627,1268 1627,1364 1343,1364"/>
          <TextEquiv>
            <Unicode>Maryanna</Unicode>
          </TextEquiv>
        </Word>
        <Word id="Record4_Line1_Word7">
          <Property key="category" value="state"/>
          <Property key="person" value="wife"/>
          <Coords points="1653,1274 1857,1274 1857,1375 1653,1375"/>
          <TextEquiv>
            <Unicode>donsella</Unicode>
          </TextEquiv>
        </Word>
        <Word id="Record4_Line1_Word8">
          <Property key="category" value="other"/>
          <Property key="person" value="none"/>
          <Coords points="1864,1279 2002,1279 2002,1372 1864,1372"/>
          <TextEquiv>
            <Unicode>filla</Unicode>
          </TextEquiv>
        </Word>
      </TextLine>
      <TextLine id="Record4_Line2">
        <Coords points="0,0 0,0"/>
        <Word id="Record4_Line2_Word0">
          <Property key="category" value="other"/>
          <Property key="person" value="none"/>
          <Coords points="375,1379 434,1379 434,1451 375,1451"/>
          <TextEquiv>
            <Unicode>de</Unicode>
          </TextEquiv>
        </Word>
        <Word id="Record4_Line2_Word1">
          <Property key="category" value="name"/>
          <Property key="person" value="wifes_father"/>
          <Coords points="433,1353 560,1353 560,1451 433,1451"/>
          <TextEquiv>
            <Unicode>Pau</Unicode>
          </TextEquiv>
        </Word>
        <Word id="Record4_Line2_Word2">
          <Property key="category" value="surname"/>
          <Property key="person" value="wifes_father"/>
          <Coords points="581,1355 828,1355 828,1446 581,1446"/>
          <TextEquiv>
            <Unicode>Tremoler</Unicode>
          </TextEquiv>
        </Word>
        <Word id="Record4_Line2_Word3">
          <Property key="category" value="occupation"/>
          <Property key="person" value="wifes_father"/>
          <Coords points="847,1374 1043,1374 1043,1478 847,1478"/>
          <TextEquiv>
            <Unicode>pescador</Unicode>
          </TextEquiv>
        </Word>
        <Word id="Record4_Line2_Word4">
          <Property key="category" value="other"/>
          <Property key="person" value="none"/>
          <Coords points="1052,1376 1114,1376 1114,1443 1052,1443"/>
          <TextEquiv>
            <Unicode>de</Unicode>
          </TextEquiv>
        </Word>
        <Word id="Record4_Line2_Word5">
          <Property key="category" value="location"/>
          <Property key="person" value="wifes_father"/>
          <Coords points="1135,1350 1298,1350 1298,1475 1135,1475"/>
          <TextEquiv>
            <Unicode>Bara</Unicode>
          </TextEquiv>
        </Word>
        <Word id="Record4_Line2_Word6">
          <Property key="category" value="other"/>
          <Property key="person" value="none"/>
          <Coords points="1307,1366 1503,1366 1503,1475 1307,1475"/>
          <TextEquiv>
            <Unicode>defunct</Unicode>
          </TextEquiv>
        </Word>
        <Word id="Record4_Line2_Word7">
          <Property key="category" value="other"/>
          <Property key="person" value="none"/>
          <Coords points="1499,1392 1566,1392 1566,1467 1499,1467"/>
          <TextEquiv>
            <Unicode>y</Unicode>
          </TextEquiv>
        </Word>
        <Word id="Record4_Line2_Word8">
          <Property key="category" value="other"/>
          <Property key="person" value="none"/>
          <Coords points="1571,1371 1635,1371 1635,1451 1571,1451"/>
          <TextEquiv>
            <Unicode>de</Unicode>
          </TextEquiv>
        </Word>
        <Word id="Record4_Line2_Word9">
          <Property key="category" value="name"/>
          <Property key="person" value="wifes_mother"/>
          <Coords points="1658,1355 1821,1355 1821,1443 1658,1443"/>
          <TextEquiv>
            <Unicode>Anna</Unicode>
          </TextEquiv>
        </Word>
      </TextLine>
    </TextRegion>
    <TextRegion id="Record5">
      <Coords points="0,0 0,0"/>
      <TextLine id="Record5_Line0">
        <Coords points="0,0 0,0"/>
        <Word id="Record5_Line0_Word0">
          <Property key="category" value="other"/>
          <Property key="person" value="none"/>
          <Coords points="362,1474 442,1474 442,1544 362,1544"/>
          <TextEquiv>
            <Unicode>dit</Unicode>
          </TextEquiv>
        </Word>
        <Word id="Record5_Line0_Word1">
          <Property key="category" value="other"/>
          <Property key="person" value="none"/>
          <Coords points="452,1474 538,1474 538,1544 452,1544"/>
          <TextEquiv>
            <Unicode>dia</Unicode>
          </TextEquiv>
        </Word>
        <Word id="Record5_Line0_Word2">
          <Property key="category" value="other"/>
          <Property key="person" value="none"/>
          <Coords points="551,1466 705,1466 705,1539 551,1539"/>
          <TextEquiv>
            <Unicode>rebere</Unicode>
          </TextEquiv>
        </Word>
        <Word id="Record5_Line0_Word3">
          <Property key="category" value="other"/>
          <Property key="person" value="none"/>
          <Coords points="712,1477 771,1477 771,1541 712,1541"/>
          <TextEquiv>
            <Unicode>de</Unicode>
          </TextEquiv>
        </Word>
        <Word id="Record5_Line0_Word4">
          <Property key="category" value="name"/>
          <Property key="person" value="husband"/>
          <Coords points="795,1456 996,1456 996,1546 795,1546"/>
          <TextEquiv>
            <Unicode>Andreu</Unicode>
          </TextEquiv>
        </Word>
        <Word id="Record5_Line0_Word5">
          <Property key="category" value="surname"/>
          <Property key="person" value="husband"/>
          <Coords points="1003,1464 1180,1464 1180,1578 1003,1578"/>
          <TextEquiv>
            <Unicode>Verges</Unicode>
          </TextEquiv>
        </Word>
        <Word id="Record5_Line0_Word6">
          <Property key="category" value="occupation"/>
          <Property key="person" value="husband"/>
          <Coords points="1190,1474 1470,1474 1470,1575 1190,1575"/>
          <TextEquiv>
            <Unicode>assaunador</Unicode>
          </TextEquiv>
        </Word>
        <Word id="Record5_Line0_Word7">
          <Property key="category" value="state"/>
          <Property key="person" value="husband"/>
          <Coords points="1469,1477 1605,1477 1605,1549 1469,1549"/>
          <TextEquiv>
            <Unicode>viudo</Unicode>
          </TextEquiv>
        </Word>
        <Word id="Record5_Line0_Word8">
          <Property key="category" value="other"/>
          <Property key="person" value="none"/>
          <Coords points="1617,1482 1676,1482 1676,1551 1617,1551"/>
          <TextEquiv>
            <Unicode>de</Unicode>
          </TextEquiv>
        </Word>
        <Word id="Record5_Line0_Word9">
          <Property key="category" value="location"/>
          <Property key="person" value="husband"/>
          <Coords points="1686,1448 1840,1448 1840,1559 1686,1559"/>
          <TextEquiv>
            <Unicode>Bara</Unicode>
          </TextEquiv>
        </Word>
        <Word id="Record5_Line0_Word10">
          <Property key="category" value="other"/>
          <Property key="person" value="none"/>
          <Coords points="1859,1465 1952,1465 1952,1537 1859,1537"/>
          <TextEquiv>
            <Unicode>ab</Unicode>
          </TextEquiv>
        </Word>
      </TextLine>
      <TextLine id="Record5_Line1">
        <Coords points="0,0 0,0"/>
        <Word id="Record5_Line1_Word0">
          <Property key="category" value="name"/>
          <Property key="person" value="wife"/>
          <Coords points="370,1545 524,1545 524,1633 370,1633"/>
          <TextEquiv>
            <Unicode>Paula</Unicode>
          </TextEquiv>
        </Word>
        <Word id="Record5_Line1_Word1">
          <Property key="category" value="state"/>
          <Property key="person" value="wife"/>
          <Coords points="534,1561 733,1561 733,1657 534,1657"/>
          <TextEquiv>
            <Unicode>donsella</Unicode>
          </TextEquiv>
        </Word>
        <Word id="Record5_Line1_Word2">
          <Property key="category" value="other"/>
          <Property key="person" value="none"/>
          <Coords points="734,1561 883,1561 883,1665 734,1665"/>
          <TextEquiv>
            <Unicode>filla</Unicode>
          </TextEquiv>
        </Word>
        <Word id="Record5_Line1_Word3">
          <Property key="category" value="other"/>
          <Property key="person" value="none"/>
          <Coords points="899,1569 958,1569 958,1631 899,1631"/>
          <TextEquiv>
            <Unicode>de</Unicode>
          </TextEquiv>
        </Word>
        <Word id="Record5_Line1_Word4">
          <Property key="category" value="name"/>
          <Property key="person" value="wifes_father"/>
          <Coords points="984,1556 1185,1556 1185,1641 984,1641"/>
          <TextEquiv>
            <Unicode>Matheu</Unicode>
          </TextEquiv>
        </Word>
        <Word id="Record5_Line1_Word5">
          <Property key="category" value="surname"/>
          <Property key="person" value="wifes_father"/>
          <Coords points="1206,1548 1536,1548 1536,1665 1206,1665"/>
          <TextEquiv>
            <Unicode>Bramasachs</Unicode>
          </TextEquiv>
        </Word>
        <Word id="Record5_Line1_Word6">
          <Property key="category" value="occupation"/>
          <Property key="person" value="wifes_father"/>
          <Coords points="1535,1580 1687,1580 1687,1678 1535,1678"/>
          <TextEquiv>
            <Unicode>pages</Unicode>
          </TextEquiv>
        </Word>
        <Word id="Record5_Line1_Word7">
          <Property key="category" value="other"/>
          <Property key="person" value="none"/>
          <Coords points="1694,1580 1758,1580 1758,1636 1694,1636"/>
          <TextEquiv>
            <Unicode>de</Unicode>
          </TextEquiv>
        </Word>
        <Word id="Record5_Line1_Word8">
          <Property key="category" value="location"/>
          <Property key="person" value="wifes_father"/>
          <Coords points="1754,1564 1994,1564 1994,1639 1754,1639"/>
          <TextEquiv>
            <Unicode>Vilanova</Unicode>
          </TextEquiv>
        </Word>
      </TextLine>
      <TextLine id="Record5_Line2">
        <Coords points="0,0 0,0"/>
        <Word id="Record5_Line2_Word0">
          <Property key="category" value="location"/>
          <Property key="person" value="wifes_father"/>
          <Coords points="362,1677 428,1677 428,1744 362,1744"/>
          <TextEquiv>
            <Unicode>de</Unicode>
          </TextEquiv>
        </Word>
        <Word id="Record5_Line2_Word1">
          <Property key="category" value="location"/>
          <Property key="person" value="wifes_father"/>
          <Coords points="436,1651 502,1651 502,1734 436,1734"/>
          <TextEquiv>
            <Unicode>la</Unicode>
          </TextEquiv>
        </Word>
        <Word id="Record5_Line2_Word2">
          <Property key="category" value="location"/>
          <Property key="person" value="wifes_father"/>
          <Coords points="518,1638 694,1638 694,1736 518,1736"/>
          <TextEquiv>
            <Unicode>Rocha</Unicode>
          </TextEquiv>
        </Word>
        <Word id="Record5_Line2_Word3">
          <Property key="category" value="other"/>
          <Property key="person" value="none"/>
          <Coords points="712,1685 777,1685 777,1760 712,1760"/>
          <TextEquiv>
            <Unicode>y</Unicode>
          </TextEquiv>
        </Word>
        <Word id="Record5_Line2_Word4">
          <Property key="category" value="other"/>
          <Property key="person" value="none"/>
          <Coords points="781,1661 859,1661 859,1736 781,1736"/>
          <TextEquiv>
            <Unicode>de</Unicode>
          </TextEquiv>
        </Word>
        <Word id="Record5_Line2_Word5">
          <Property key="category" value="name"/>
          <Property key="person" value="wifes_mother"/>
          <Coords points="874,1648 1152,1648 1152,1741 874,1741"/>
          <TextEquiv>
            <Unicode>Catherina</Unicode>
          </TextEquiv>
        </Word>
      </TextLine>
    </TextRegion>
  </Page>
</PcGts>
