2690 3794
399 275 545 389 Dijous
556 303 605 356 al
608 281 683 389 pr
678 301 732 360 de
737 297 800 365 dit
805 301 945 364 rebere
954 313 1001 368 de
1020 305 1226 373 Salvador
1237 307 1419 402 Vinyals
1426 323 1533 386 viudo
1530 337 1704 415 parayre
1713 321 1771 383 de
1779 307 1957 413 Aulesa

397 398 455 459 de
474 380 744 473 Montserrat
769 388 826 449 ab
829 379 991 487 Antiga
1002 398 1138 459 viuda
1155 404 1208 463 de
1215 402 1417 469 Salvador
1428 401 1574 481 Mates
1590 426 1760 500 traginer
1768 418 1816 478 de
1828 408 1931 479 dita

397 476 603 574 parrochia

401 561 585 641 divendres
598 593 633 636 a
646 577 696 628 2
713 565 768 626 de
767 563 828 620 dit
831 553 967 620 rebere
978 569 1031 623 de
1048 543 1152 623 Pere
1163 557 1296 630 Collet
1297 575 1431 661 pages
1440 575 1487 638 de
1502 547 1592 634 St
1593 545 1698 634 Pere
1701 577 1756 636 de
1749 565 1989 667 Vilamajor

385 651 485 741 fill
496 659 557 719 de
574 630 690 717 Pere
703 660 840 729 Collet
841 674 977 763 pages
994 662 1045 729 de
1052 656 1144 723 dita
1143 664 1361 760 parrochia
1356 682 1409 741 y
1416 664 1463 727 de
1474 652 1642 747 Antiga
1665 651 1740 717 ab
1735 659 1945 755 juana

395 740 525 808 viuda
544 756 609 814 de
594 748 710 844 Jua
725 734 905 816 Recort
916 766 1047 848 pages
1060 759 1117 824 de
1131 756 1248 826 dita
1255 744 1477 856 parrochia

400 824 460 883 dit
466 833 532 881 dia
546 831 683 886 rebere
697 837 750 894 de
759 822 875 903 Pere
900 837 1111 932 Vigueros
1122 863 1308 949 pentiner
1321 850 1365 908 de
1399 822 1559 930 Bara
1546 835 1647 933 fill
1662 848 1729 907 de
1721 844 1865 933 Juan
1873 827 1975 904 Vi=

378 917 557 1014 gueros
556 929 749 1028 pescador
772 929 947 1014 defunct
958 959 1013 1016 y
1028 934 1087 1001 de
1121 908 1335 999 Anna
1363 929 1444 995 ab
1456 912 1647 1002 Eularia
1685 910 1946 995 Bruneta

393 1013 571 1104 donsella
585 1009 724 1106 filla
746 1023 819 1081 del
849 1013 1054 1117 Hospital
1086 1025 1265 1119 General

391 1107 456 1168 dit
471 1105 545 1168 dia
556 1105 695 1173 rebere
709 1122 763 1173 de
773 1124 936 1208 jaume
952 1107 1215 1187 Muntaner
1223 1126 1358 1213 pages
1371 1118 1420 1173 de
1443 1094 1523 1168 St
1522 1109 1653 1221 Genis
1666 1105 1725 1171 de
1738 1096 1929 1169 Horta

386 1189 474 1278 fill
480 1199 540 1265 de
544 1184 668 1261 Vidal
692 1191 936 1273 Muntaner
946 1224 1083 1311 pages
1099 1216 1157 1275 de
1165 1209 1269 1275 dita
1270 1197 1502 1311 parrochia
1503 1230 1562 1292 y
1580 1203 1638 1267 de
1635 1197 1820 1265 Maria
1840 1184 1938 1263 ab

382 1272 577 1386 Rafela
599 1291 755 1355 viuda
773 1306 831 1365 de
847 1293 1081 1367 Salvador
1101 1297 1331 1371 Carbonell
1338 1306 1475 1367 veler
1491 1302 1548 1365 de
1555 1275 1725 1389 Bara

387 1385 458 1445 dit
465 1390 532 1447 dia
546 1383 681 1447 rebere
696 1404 742 1453 de
741 1383 842 1480 Jua
866 1371 974 1457 Pau
979 1388 1120 1464 Vilar
1130 1415 1275 1511 pages
1287 1406 1339 1472 de
1348 1381 1614 1497 Junqueres
1611 1406 1758 1468 viudo
1767 1396 1849 1466 ab
1856 1385 1958 1460 Eli=

362 1475 540 1579 sabeth
550 1484 734 1585 donsella
744 1484 852 1573 filla
866 1498 918 1555 de
929 1471 1133 1558 Andreu
1142 1483 1323 1587 Bosch
1332 1508 1486 1600 pages
1501 1502 1562 1560 de
1586 1484 1729 1593 Llissa
1759 1498 1956 1562 demunt

370 1607 431 1675 y
442 1590 497 1650 de
496 1578 650 1679 Juna
669 1561 895 1664 defuncts

386 1680 456 1752 dit
473 1674 551 1744 dia
570 1676 722 1748 rebere
733 1686 792 1752 de
818 1659 1052 1748 Maurici
1076 1667 1248 1756 Torres
1270 1698 1441 1755 cotoner
1457 1663 1691 1748 habitant
1706 1699 1777 1750 en
1793 1643 1955 1765 Bara

380 1764 476 1863 fill
494 1783 545 1846 de
566 1753 685 1844 Pere
708 1764 887 1849 Torres
898 1789 1042 1888 pages
1060 1776 1122 1838 de
1144 1764 1374 1876 Manresa
1382 1799 1444 1863 y
1443 1780 1500 1844 de
1574 1785 1612 1842 t
1699 1772 1948 1865 defuncta

387 1868 452 1932 ab
475 1852 738 1962 Hieronyma
764 1870 926 1976 dosella
938 1873 1075 1967 filla
1092 1879 1141 1936 de
1138 1864 1403 1972 francesch
1417 1850 1545 1970 Puig
1534 1879 1739 1968 sabater
1751 1879 1806 1940 de
1809 1868 2008 1938 Servera

384 1967 551 2045 defunct
554 1990 615 2051 y
630 1967 689 2035 de
706 1961 953 2039 Catherina

378 2046 538 2144 dissapte
549 2081 584 2118 a
603 2061 648 2126 3
674 2050 809 2127 rebere
824 2067 875 2124 de
888 2055 1058 2129 Antoni
1068 2052 1255 2143 Maymo
1260 2067 1393 2162 pages
1400 2059 1450 2120 de
1470 2036 1669 2148 Ripollet
1677 2065 1799 2124 viudo
1811 2059 1884 2124 ab
1889 2055 1985 2126 Ma=

374 2151 454 2214 ria
461 2147 611 2240 dosella
626 2145 742 2237 filla
762 2155 817 2214 de
999 2130 1162 2227 Bamis
1169 2172 1304 2258 pages
1313 2163 1358 2221 de
1375 2149 1620 2242 Serdanyola
1614 2178 1661 2231 y
1677 2153 1740 2212 de
1786 2153 1830 2210 t

370 2241 437 2305 dit
444 2245 509 2303 dia
519 2234 666 2307 rebere
669 2255 722 2313 de
729 2251 802 2311 mr
789 2243 949 2346 Joseph
958 2224 1240 2325 Palaudaries
1249 2258 1444 2319 mercader
1454 2260 1510 2317 de
1516 2236 1680 2332 Bara
1672 2255 1797 2321 viudo
1800 2260 1876 2325 ab
1877 2266 1942 2327 la

380 2331 487 2401 Sra
483 2331 743 2426 Hieronyma
754 2339 939 2434 donsella
938 2341 1065 2438 filla
1082 2351 1133 2407 de
1134 2349 1271 2432 Juan
1284 2346 1417 2415 Dalta
1429 2351 1603 2443 cilurgia
1619 2354 1678 2413 de
1683 2329 1843 2436 Bara
1846 2354 1923 2418 de

362 2427 497 2518 funct
512 2462 569 2543 y
570 2448 623 2503 de
636 2437 689 2507 la
688 2429 815 2509 Sra
799 2441 1064 2535 Hieronyma

368 2534 427 2589 dit
436 2532 511 2593 dia
523 2530 656 2597 rebere
677 2546 718 2601 de
742 2530 939 2620 Hyacinto
950 2529 1093 2626 Testa
1082 2538 1240 2624 sastre
1254 2534 1308 2595 de
1322 2506 1471 2610 Bara
1456 2527 1558 2616 fill
1565 2538 1610 2593 de
1617 2523 1688 2589 me
1699 2530 1820 2595 Sans
1832 2517 2002 2597 Andreu

362 2603 505 2698 Testa
512 2615 650 2704 sastre
647 2645 703 2702 y
713 2628 761 2683 de
779 2611 945 2681 Elienor
971 2625 1042 2685 ab
1047 2615 1180 2685 Anna
1196 2623 1366 2710 donsella
1367 2621 1494 2706 filla
1501 2625 1550 2679 de
1553 2621 1626 2683 me
1615 2603 1713 2702 Jua
1720 2613 1859 2704 Auger
1846 2626 1987 2710 sastre

352 2736 410 2790 y
420 2726 464 2779 de
479 2697 650 2802 Angela

368 2797 427 2861 dit
444 2804 515 2861 dia
527 2787 662 2861 rebere
678 2799 734 2859 de
746 2780 904 2855 Antoni
890 2787 1013 2892 Jua
1018 2789 1221 2865 Sarmet
1231 2809 1418 2905 parayre
1433 2784 1622 2863 habitant
1621 2809 1678 2861 en
1691 2793 1806 2884 bara
1790 2804 1923 2869 viudo

366 2891 433 2955 ab
451 2883 693 2959 Catherina
704 2889 902 2991 donsella
900 2889 1038 2991 filla
1060 2898 1108 2955 de
1123 2887 1288 2988 jaume
1309 2879 1490 2978 Maymo
1483 2879 1636 2982 fuster
1652 2889 1709 2957 de
1712 2883 1927 2980 Monistrol

360 2998 421 3060 de
434 2977 707 3089 Montserrat
708 3015 765 3076 y
772 2998 833 3055 de
863 2981 1186 3078 Montserrada
1198 2971 1430 3074 defuncts

360 3077 431 3153 dit
436 3088 515 3156 dia
519 3077 662 3153 rebere
671 3100 724 3156 de
750 3073 848 3153 Pau
859 3086 992 3160 duran
993 3101 1131 3200 pages
1154 3094 1209 3156 de
1208 3083 1285 3158 St
1272 3084 1393 3179 Just
1392 3075 1589 3177 Desvern
1590 3077 1686 3170 fill
1704 3081 1764 3146 de
1759 3065 1878 3146 Pere
1873 3067 1985 3145 Pau

352 3184 495 3256 Duran
508 3199 635 3283 pages
645 3194 699 3248 de
715 3194 807 3252 dita
812 3184 1046 3290 parrochia
1033 3207 1096 3277 y
1105 3196 1164 3252 de
1175 3178 1352 3252 Violant
1353 3188 1546 3250 vivints
1553 3182 1624 3244 ab
1637 3169 1857 3271 Elisabeth
1866 3182 1954 3244 don=

347 3285 484 3367 sella
488 3276 617 3382 filla
634 3285 687 3348 de
677 3272 794 3376 Jua
816 3270 961 3346 Cabus
969 3299 1120 3386 pages
1119 3291 1182 3354 de
1183 3280 1265 3348 St
1243 3276 1403 3384 feliu
1412 3284 1471 3340 de
1481 3257 1663 3336 Alella
1660 3295 1713 3376 y
1708 3270 1777 3334 de
1798 3255 1985 3338 Eularia

355 3366 551 3445 vivents
