2690 3794
363 310 575 385 Dimecres
581 339 617 372 a
636 324 707 383 28
723 305 862 377 rebere
869 316 919 377 de
943 310 1108 417 Gabriel
1115 305 1242 402 Agell
1249 335 1370 406 pages
1385 310 1438 373 de
1455 309 1617 372 Cabrera
1616 316 1713 406 fill
1718 316 1769 375 de
1786 292 2044 375 Barthomeu

394 403 524 500 Agell
531 418 646 496 pages
657 427 699 494 y
702 410 759 466 de
772 390 934 466 Elienor
947 399 1139 481 defuncts
1167 403 1230 464 ab
1400 403 1563 460 Olivera
1577 408 1717 460 viuda
1729 405 1783 458 de
1877 393 2010 455 Oliver

394 495 506 560 boter
515 504 561 560 de
574 486 759 590 Arenys

393 589 530 675 Dijous
544 606 584 649 a
591 595 662 667 29
675 574 808 643 rebere
811 589 866 647 de
881 553 1051 639 Bernat
1064 570 1236 638 Sabater
1243 570 1380 632 carder
1395 572 1448 630 de
1465 536 1610 658 Bara
1607 569 1726 626 viudo
1735 567 1806 630 ab
1815 546 2028 652 Maryana

397 678 571 767 donsella
581 678 703 765 filla
716 680 765 745 de
780 665 956 745 Andreu
972 666 1075 737 Vila
1081 687 1219 765 pages
1233 668 1287 730 de
1301 646 1376 728 St
1369 646 1543 720 Andreu
1558 663 1606 720 de
1624 635 1829 716 Palomar
1844 653 2009 735 defunct

381 799 431 858 y
433 778 485 839 de
507 761 775 858 Hieronyma

387 853 460 924 Dit
463 865 540 924 dia
550 861 693 924 rebere
700 863 753 926 de
770 840 917 944 Esteva
933 825 1117 937 Regort
1134 836 1310 939 bastaix
1323 847 1374 903 de
1385 838 1512 901 corda
1533 825 1732 897 habitant
1745 857 1798 896 en
1813 812 1987 924 Bara

398 953 526 1012 viudo
548 947 610 1010 ab
616 949 787 1037 Juana
793 942 1034 1041 francisca
1050 942 1240 1035 donsella
1239 942 1372 1033 filla
1397 947 1450 1003 de
1463 921 1577 999 Pere
1589 936 1715 1028 Cases
1722 949 1861 1046 pages
1873 932 1964 995 de

398 1025 522 1114 Pons
542 1036 746 1108 habitant
764 1062 831 1105 en
848 1019 1012 1133 Bara
996 1064 1061 1127 y
1068 1045 1123 1105 de
1144 1036 1388 1103 Catherina
1416 1034 1621 1124 defuncts

389 1141 462 1205 Dit
472 1141 547 1199 dia
556 1132 695 1201 rebere
710 1143 756 1199 de
780 1128 901 1197 Luch
920 1119 1086 1197 Badia
1085 1128 1302 1233 flaquer
1309 1134 1382 1197 del
1391 1151 1526 1229 regne
1537 1136 1590 1195 de
1583 1124 1771 1231 frança
1782 1123 1995 1191 habitant

397 1253 456 1301 en
468 1209 641 1320 Bara
649 1234 728 1297 ab
733 1209 956 1325 Elisabeth
978 1232 1174 1323 donsella
1177 1230 1314 1331 filla
1331 1230 1388 1291 de
1400 1211 1520 1295 Pere
1539 1219 1668 1293 Vives
1686 1226 1843 1322 daguer
1858 1220 1960 1287 de

389 1313 553 1435 Bara
546 1354 608 1421 y
626 1333 687 1397 de
719 1321 989 1416 Maryanna
1015 1319 1234 1410 defuncts

387 1428 592 1491 Divendres
609 1447 644 1484 a
659 1432 724 1485 30
737 1413 884 1480 rebere
898 1428 948 1482 de
972 1409 1152 1506 Miquel
1167 1399 1365 1472 Matheu
1364 1422 1553 1502 parayre
1564 1403 1621 1465 de
1628 1394 1865 1493 Ygualada
1875 1383 2001 1455 habi=

398 1532 504 1585 tant
519 1535 575 1581 en
601 1518 870 1619 Sparaguera
871 1516 983 1608 fill
994 1518 1043 1580 de
1058 1503 1226 1611 Gaspar
1239 1494 1440 1570 Matheu
1449 1516 1637 1600 parayre
1650 1499 1703 1562 de
1700 1492 1985 1591 Ygualada

398 1614 580 1702 defunct
577 1635 633 1695 y
645 1614 703 1677 de
725 1601 931 1708 Miquela
967 1603 1042 1674 ab
1050 1598 1271 1668 dorothea
1280 1603 1468 1693 donsella
1467 1596 1600 1695 filla
1611 1599 1666 1665 de
1677 1601 1841 1695 jaume
1840 1573 1989 1653 Bar=

400 1701 514 1778 tholi
529 1711 695 1778 texidor
704 1718 756 1774 de
776 1714 831 1772 lli
846 1711 899 1772 de
914 1707 1197 1804 Sparaguera
1196 1729 1250 1808 y
1255 1703 1314 1762 de
1328 1680 1538 1762 Antonia

393 1799 477 1870 Dit
486 1805 569 1870 dia
581 1803 732 1866 rebere
743 1807 792 1870 de
788 1803 925 1900 Juan
943 1778 1119 1870 Rocha
1132 1816 1310 1868 cotxero
1323 1793 1403 1866 del
1402 1822 1524 1896 regne
1537 1797 1596 1860 de
1585 1784 1761 1885 frança
1770 1773 1975 1851 habitant

394 1925 458 1970 en
470 1871 623 1994 Bara
634 1897 705 1964 ab
716 1895 997 2004 Magdalena
1011 1895 1205 1996 donsella
1210 1893 1345 1987 filla
1354 1891 1407 1956 de
1420 1891 1621 1989 Sagimon
1637 1882 1912 1980 Masramon
1920 1888 2022 1943 tra=

369 2008 510 2104 giner
525 2003 582 2064 de
605 1982 726 2071 Vich
749 1995 942 2090 defunct
947 2016 995 2092 y
1000 1999 1059 2056 de
1076 1969 1312 2090 Elisabeth

387 2087 551 2186 Dissapte
558 2110 592 2147 a
610 2097 670 2162 31
686 2085 824 2152 rebere
828 2097 880 2160 de
898 2085 1018 2179 Luys
1028 2083 1224 2183 Mascaro
1233 2076 1392 2145 hortola
1402 2084 1454 2141 de
1459 2048 1604 2162 Bara
1597 2066 1705 2154 fill
1719 2068 1773 2133 de
1786 2033 1993 2130 Bartho=

391 2206 489 2248 meu
511 2172 719 2283 Mascaro
735 2172 899 2243 hortola
924 2189 977 2247 de
992 2157 1131 2264 Bara
1145 2176 1329 2266 defunct
1313 2204 1374 2264 y
1395 2181 1446 2239 de
1455 2144 1678 2241 Barbera
1700 2170 1769 2233 ab
1780 2148 1985 2266 Elisabeth

389 2283 575 2380 donsella
587 2276 728 2377 filla
741 2285 798 2346 de
807 2266 981 2344 Antoni
1007 2276 1162 2343 Cecilia
1181 2282 1374 2379 calsater
1365 2302 1429 2362 y
1441 2276 1497 2335 de
1521 2255 1740 2371 Elisabeth
1758 2251 2015 2360 defuncts

379 2366 460 2439 Dit
468 2368 540 2433 dia
546 2370 678 2437 rebere
688 2379 738 2435 de
743 2374 977 2469 Montserrat
994 2372 1090 2435 Mas
1107 2368 1254 2431 hortola
1264 2366 1322 2429 de
1328 2349 1470 2450 Bara
1470 2364 1567 2448 fill
1570 2372 1613 2420 de
1632 2357 1794 2450 domingo
1813 2345 1954 2420 Mas

387 2487 512 2578 pages
531 2475 582 2533 de
605 2438 744 2552 Bara
749 2468 905 2550 diffunt
912 2483 969 2552 y
988 2468 1043 2533 de
1050 2458 1314 2558 Margarida
1342 2458 1413 2527 ab
1424 2442 1637 2546 Elisabeth
1642 2444 1775 2513 Anna
1788 2453 1985 2535 donsella

377 2566 502 2650 filla
519 2562 569 2631 de
579 2553 750 2633 Andreu
772 2555 903 2665 Gibert
912 2579 1047 2675 pages
1060 2566 1110 2629 de
1116 2557 1306 2661 Tarrega
1325 2551 1458 2650 bisbat
1470 2562 1522 2622 de
1541 2547 1723 2640 Solsona
1733 2545 1888 2635 defunt
1879 2571 1944 2631 y

393 2668 440 2733 de
457 2641 639 2761 Angela

381 2743 452 2810 Dit
455 2756 524 2812 dia
533 2734 666 2808 rebere
681 2747 728 2806 de
743 2734 892 2806 Valenti
877 2738 1065 2831 fabrega
1077 2751 1224 2797 cotoner
1233 2730 1285 2793 de
1299 2730 1483 2825 Manresa
1490 2721 1668 2793 habitant
1671 2751 1728 2791 en
1737 2707 1878 2812 Bara
1864 2717 1968 2812 fill

393 2841 440 2904 de
463 2832 600 2934 Giralt
599 2837 777 2936 fabrega
774 2828 1004 2927 fargayre
1003 2854 1063 2923 #
1077 2834 1127 2895 de
1144 2815 1337 2919 Manresa
1328 2851 1374 2908 y
1381 2830 1438 2893 de
1449 2818 1536 2891 #
1556 2818 1777 2887 Catherina
1793 2803 2020 2906 defuncts

394 2935 462 3004 ab
474 2924 724 3016 Hieronyma
743 2930 917 3021 donsella
918 2930 1043 3023 filla
1066 2924 1116 2985 de
1109 2914 1254 3012 Juan
1272 2909 1487 3027 Gatuellas
1500 2930 1654 2974 cotoner
1667 2916 1725 2980 de
1725 2892 1880 3002 Bara
1873 2933 1942 3004 y

398 3043 454 3100 de
474 3022 738 3134 Margarida
