2690 3794
383 257 571 334 Dilluns
597 296 634 336 a
656 279 697 335 5
710 272 848 335 rebere
853 290 904 340 de
908 276 1059 339 Antoni
1076 269 1190 363 Asca
1184 276 1490 363 guadamaciler
1482 281 1663 369 frances
1673 285 1863 343 habitant
1873 295 1960 341 en

410 352 560 446 Bara
568 365 636 428 ab
653 358 911 456 Margarida
925 365 1109 447 donsella
1115 360 1239 446 filla
1247 370 1293 424 de
1303 356 1406 428 Pere
1428 350 1610 426 Blanch
1607 367 1743 451 fuster
1751 374 1811 419 de
1814 354 1971 453 Ripoll

419 452 540 540 bisbat
550 468 600 516 de
604 454 710 520 Vich
709 484 764 538 y
773 460 828 515 de
838 452 1064 516 Catherina
1083 455 1259 536 defuncts

412 551 477 612 dit
491 553 571 612 dia
579 542 720 616 rebere
728 549 782 612 de
782 535 904 611 Pere
921 551 1106 653 Supiela
1108 569 1244 642 pages
1250 549 1435 637 frances
1441 539 1656 609 habitant
1666 569 1719 614 en
1724 544 1942 614 Sarria

413 631 481 697 ab
496 633 735 697 Catherina
739 636 918 724 donsella
923 641 1033 727 filla
1043 643 1095 699 de
1106 629 1262 697 Antoni
1277 620 1457 733 Pasqual
1459 654 1588 733 pages
1600 634 1651 696 de
1662 640 1835 729 Casseres
1848 631 1980 740 bisbat

408 736 463 798 de
458 725 566 793 Vich
575 757 625 827 y
642 741 701 797 de
746 739 793 797 t
821 731 1027 808 defunct

403 815 555 884 dimars
567 840 609 878 a
611 821 675 884 6
676 801 828 882 rebere
840 826 886 880 de
899 801 1073 878 Antoni
1085 789 1239 877 Bover
1240 806 1410 898 ferrer
1414 801 1601 887 frances
1609 801 1820 868 habitant
1826 828 1889 868 en
1891 789 1964 861 St

404 913 550 983 Vicens
561 907 675 976 dels
678 904 800 977 horts
818 902 902 972 ab
910 900 1093 971 Violant
1094 902 1278 988 donsella
1270 893 1397 990 filla
1409 900 1465 953 de
1477 877 1602 955 Pons
1616 883 1741 981 Roig
1756 900 1889 981 pages
1898 888 1953 947 de

401 991 488 1075 St
491 1003 585 1102 just
599 1005 789 1089 Desvern
797 1005 965 1064 vivent
946 1023 1010 1082 y
1022 1001 1077 1058 de
1175 996 1212 1059 t
1295 986 1416 1070 #

404 1092 461 1155 dit
469 1097 539 1155 dia
547 1088 690 1155 rebere
701 1102 755 1155 de
749 1096 873 1179 Juan
880 1083 998 1157 Alba
1015 1083 1176 1160 hortola
1187 1101 1249 1155 de
1254 1069 1412 1168 Barca
1393 1085 1507 1185 fill
1506 1090 1570 1152 de
1563 1085 1728 1182 jaume
1737 1077 1858 1147 Alba
1877 1071 1973 1148 hor=

399 1189 477 1254 tola
500 1189 557 1256 de
565 1170 717 1279 Barca
698 1218 756 1282 y
770 1197 825 1258 de
824 1195 998 1284 Juana
1004 1193 1188 1261 vivent
1205 1189 1277 1258 ab
1286 1182 1563 1297 Magdalena
1587 1191 1795 1284 donsella
1783 1182 1942 1295 filla

394 1294 452 1361 de
460 1292 625 1393 jaume
648 1278 814 1398 Sitjar
818 1310 952 1402 pages
963 1299 1021 1359 de
1031 1276 1122 1361 St
1112 1278 1302 1364 Andreu
1304 1292 1370 1359 de
1389 1271 1606 1359 Palomar
1618 1317 1662 1382 y
1670 1289 1736 1355 de
1736 1267 1959 1363 Barbera

387 1386 594 1476 defuncts

387 1466 557 1527 dimecres
574 1493 603 1524 a
610 1477 677 1527 7
685 1447 832 1524 rebere
835 1470 888 1522 de
901 1447 1082 1524 Antoni
1090 1439 1271 1517 Romeu
1272 1439 1413 1545 pages
1418 1455 1476 1517 de
1481 1423 1622 1518 Piera
1628 1443 1734 1543 fill
1743 1454 1802 1513 de
1789 1448 1948 1542 Juan

381 1530 568 1621 Romeu
583 1564 720 1653 pages
714 1578 780 1641 y
795 1558 848 1618 de
852 1546 1122 1630 Hieronyma
1153 1548 1356 1636 defuncta
1362 1548 1429 1609 ab
1421 1537 1601 1634 Juana
1616 1546 1793 1637 donsella
1789 1535 1937 1637 filla

399 1652 449 1708 de
440 1645 584 1739 Juan
611 1642 769 1708 Marti
770 1657 911 1745 pages
860 1615 908 1662 de
907 1602 965 1658 St
953 1612 1109 1664 Sadorni
925 1645 985 1710 de
1002 1645 1233 1710 Subirats
1250 1642 1433 1733 defunct
1418 1667 1494 1737 y
1506 1651 1568 1710 de
1594 1633 1935 1737 Hieronyma

361 1722 515 1834 Dijous
538 1773 582 1811 a
599 1762 641 1827 8
655 1739 801 1811 rebere
815 1755 866 1809 de
865 1752 1001 1832 Juan
1009 1739 1127 1811 Ros
1126 1753 1325 1855 pescador
1335 1748 1383 1809 de
1391 1732 1539 1808 Lloret
1551 1734 1700 1834 bisbat
1706 1750 1762 1808 de
1781 1728 1955 1832 Girona

363 1844 479 1949 fill
498 1854 551 1916 de
642 1862 675 1932 t
773 1872 847 1949 y
889 1852 931 1914 t
991 1838 1084 1918 ab
1096 1842 1358 1948 Magdalena
1373 1846 1566 1946 donsella
1555 1838 1709 1949 filla
1725 1849 1782 1909 de
1812 1821 1923 1916 Pau

399 1943 542 2049 Garau
556 1977 661 2065 pera
666 1980 805 2061 pages
824 1972 895 2031 de
898 1938 990 2026 St
995 1938 1183 2022 Andreu
1204 1954 1260 2019 de
1276 1936 1545 2022 Llavaneres
1565 1945 1741 2045 defunct
1747 1961 1802 2044 y
1808 1938 1912 2004 de

385 2044 683 2146 Margarida

356 2140 459 2217 Dit
476 2151 542 2210 dia
563 2129 717 2208 rebere
736 2145 792 2208 de
781 2145 926 2239 Juan
946 2138 1160 2207 Carreras
1175 2151 1329 2240 pages
1339 2133 1403 2203 de
1411 2112 1507 2200 Sta
1510 2120 1703 2192 Maria
1720 2133 1784 2191 de
1783 2103 1944 2194 Palau

379 2238 560 2302 tordera
559 2230 684 2332 fill
703 2243 762 2300 de
784 2222 931 2304 Arcis
961 2228 1181 2304 Carreras
1175 2261 1241 2322 y
1252 2216 1388 2332 Paga
1402 2257 1458 2320 y
1477 2234 1541 2304 de
1615 2233 1674 2316 t
1774 2223 2005 2327 defuncta

383 2340 445 2403 ab
466 2323 639 2402 Maria
666 2330 837 2430 dosella
846 2315 974 2428 filla
1000 2333 1053 2398 de
1060 2333 1226 2423 jaume
1245 2323 1397 2402 Sever
1420 2333 1615 2428 traginer
1626 2335 1689 2398 de
1699 2319 1779 2396 St
1789 2324 1944 2393 Celoni

356 2452 414 2524 y
432 2436 492 2501 de
625 2431 678 2500 t

362 2511 568 2580 Divendres
596 2540 628 2575 a
634 2533 684 2593 9
705 2502 851 2578 rebere
868 2524 924 2573 de
939 2485 1067 2575 Pere
1055 2513 1203 2600 Juan
1219 2502 1483 2573 Viladecans
1482 2515 1614 2604 pages
1627 2509 1683 2567 de
1696 2482 1768 2562 St
1771 2489 1937 2586 Esteva

373 2603 423 2663 de
436 2601 488 2663 la
509 2592 630 2692 Costa
629 2585 749 2685 fill
770 2605 824 2659 de
819 2594 971 2696 Juan
988 2583 1245 2657 Viladecans
1242 2605 1390 2698 pages
1409 2594 1463 2654 de
1469 2590 1568 2654 dita
1565 2577 1801 2687 parrochia
1823 2557 1964 2665 defuct

342 2719 408 2784 y
413 2704 472 2760 de
487 2684 760 2784 Magdalena
783 2684 860 2751 ab
879 2682 1060 2786 #
1073 2680 1256 2749 Maria
1271 2682 1467 2784 donsella
1469 2680 1610 2775 filla
1620 2684 1679 2749 de
1691 2669 1861 2740 Antoni
1867 2675 1957 2740 llo=

362 2790 481 2852 reda
480 2803 619 2893 pages
634 2790 697 2856 de
705 2779 798 2854 St
803 2770 1002 2850 Andreu
1001 2790 1056 2850 de
1070 2770 1341 2854 Llevaneres
1357 2809 1407 2885 y
1409 2792 1474 2843 de
1504 2770 1764 2867 Margarida
1789 2765 1997 2865 defuncta

359 2880 430 2950 dit
427 2893 497 2952 dia
511 2878 651 2947 rebere
671 2891 717 2948 de
728 2891 845 2977 juan
853 2880 1095 2971 fabregues
1106 2871 1261 2990 ferrer
1265 2887 1320 2941 de
1330 2867 1398 2943 St
1404 2873 1540 2966 Cugat
1562 2876 1618 2936 de
1615 2871 1786 2939 Vallers
1785 2859 1892 2960 fill
1885 2873 1951 2934 de

361 2963 546 3036 Ramon
547 2972 772 3070 fabregues
787 2977 941 3070 ferrer
954 2976 1010 3035 de
1013 2966 1111 3033 dita
1110 2959 1360 3082 parrochia
1351 2993 1417 3054 y
1441 2968 1504 3035 de
1520 2968 1812 3061 Montserrada
1817 2938 1981 3065 defucta

359 3064 428 3132 ab
440 3037 588 3138 Paula
602 3071 780 3164 donsella
785 3056 907 3154 filla
927 3069 981 3126 de
978 3056 1228 3153 francesch
1250 3053 1474 3153 Verdaguer
1471 3077 1607 3162 pages
1619 3064 1672 3121 de
1678 3058 1776 3121 dita
1765 3077 1936 3160 parro=

365 3153 464 3226 chia
475 3161 658 3263 defunct
648 3189 715 3256 y
728 3174 786 3231 de
792 3161 1141 3271 Montserrada

349 3260 421 3321 dit
435 3260 504 3319 dia
517 3232 668 3318 rebere
669 3262 715 3316 de
714 3245 816 3342 Juan
834 3230 1004 3314 Bacax
1003 3245 1160 3338 ferrer
1169 3230 1367 3301 habitant
1374 3262 1428 3299 en
1444 3217 1525 3290 St
1526 3223 1667 3284 Celoni
1671 3229 1765 3318 fill
1783 3240 1833 3291 de
1836 3212 1945 3293 Pere

355 3320 521 3404 Bacax
536 3333 692 3430 brasser
716 3337 768 3396 de
777 3335 833 3392 la
836 3329 1027 3422 parrochia
1045 3329 1103 3390 de
1100 3318 1177 3392 St
1190 3324 1377 3385 Matheu
1315 3294 1360 3336 de
1355 3292 1489 3336 Vilana
1387 3318 1533 3411 bisbat
1541 3328 1595 3381 de
1606 3318 1766 3411 Girona
1764 3345 1812 3404 y
1813 3309 1909 3378 de

363 3416 626 3505 Sebastiana
646 3418 841 3501 defuncts
862 3410 928 3469 ab
939 3407 1095 3471 Maria
1113 3405 1303 3497 donsella
1302 3403 1439 3494 filla
1452 3410 1508 3471 de
1509 3391 1640 3492 Jua
1636 3403 1768 3497 font
1756 3407 1951 3488 sastre

359 3515 405 3568 de
410 3496 485 3565 St
484 3500 609 3561 Celoni
608 3525 672 3584 y
689 3496 744 3555 de
760 3485 987 3554 Catherina
1015 3483 1228 3568 defuncts
