2690 3794
349 259 585 364 Divendres
598 320 635 358 a
648 299 736 366 26
734 297 872 358 rebere
881 305 932 362 de
923 297 1162 395 francesch
1174 276 1285 358 Pou
1282 319 1413 399 pages
1430 295 1493 366 #
1496 313 1556 364 de
1554 294 1770 407 Vilamajor
1781 294 1975 360 habitant

394 410 453 453 en
466 386 615 451 Mollet
618 390 743 449 viudo
756 390 824 451 ab
825 367 982 451 Paula
993 382 1177 478 donsella
1184 386 1319 476 filla
1340 390 1391 453 de
1380 380 1504 478 Jua
1522 382 1672 447 Mollet
1677 408 1800 484 pages
1807 384 1868 447 de
1859 380 2019 447 Mollet

384 506 435 589 y
436 493 491 546 de
536 483 583 546 t
636 474 858 565 defuncta

388 578 557 660 dissapte
570 597 601 637 a
608 586 691 633 27
708 562 844 627 rebere
853 560 904 625 de
917 537 1028 621 Pere
1029 556 1184 621 Duran
1194 558 1471 649 assahonador
1486 562 1539 617 de
1558 553 1780 650 Granollers
1781 551 1925 616 viudo
1933 553 2007 614 ab

394 661 669 759 Margarida
678 659 866 739 donsella
867 648 982 735 filla
995 655 1050 714 de
1198 648 1411 730 Cassanyes
1426 644 1588 708 sabater
1603 651 1654 708 de
1665 649 1776 732 llissa
1783 649 1971 707 demunt

402 758 567 834 defunct
572 781 609 846 y
628 754 679 813 de
734 754 781 811 t

388 847 463 906 Dit
472 843 545 902 dia
548 837 687 904 rebere
702 847 753 902 de
767 835 950 900 Climent
949 833 1116 929 ferrer
1128 824 1293 894 hortola
1310 839 1363 892 de
1374 802 1535 925 Bara
1530 835 1652 896 viudo
1665 831 1730 892 ab
1737 824 2023 917 Magdalena

386 935 575 1028 donsella
576 930 707 1020 filla
720 939 768 998 de
786 937 906 1026 juan
933 922 1129 1022 Guardia
1131 939 1263 1037 pages
1272 928 1323 989 de
1338 910 1594 1018 Plegamans
1601 953 1640 1024 y
1647 924 1700 987 de
1695 918 1866 1012 Angela
1879 895 2023 998 defucts

383 1027 457 1089 Dit
464 1028 537 1087 dia
548 1025 679 1087 rebere
688 1036 735 1093 de
749 1027 918 1118 domingo
911 1025 1076 1107 fornes
1083 1048 1267 1118 argenter
1272 1027 1327 1087 de
1330 1005 1487 1114 Bara
1474 1025 1576 1103 fill
1581 1025 1626 1086 de
1639 1013 1820 1118 domingo
1819 1009 1995 1103 fornes

393 1137 569 1219 argenter
582 1127 635 1184 de
636 1096 784 1200 Bara
800 1125 962 1198 defunct
951 1146 1006 1207 y
1015 1125 1062 1184 de
1069 1108 1243 1182 Violant
1272 1115 1345 1179 ab
1356 1110 1590 1196 Maryanna
1599 1112 1770 1202 donsella
1767 1108 1896 1192 filla
1903 1104 1975 1167 de

393 1222 535 1306 jaume
550 1208 703 1281 Vallers
718 1212 884 1273 sabater
897 1218 948 1277 de
955 1191 1106 1292 Bara
1111 1210 1281 1298 defunct
1272 1231 1333 1298 y
1352 1214 1403 1277 de
1402 1210 1656 1310 francisca

380 1301 457 1366 Dit
456 1307 527 1362 dia
534 1291 671 1364 rebere
684 1315 731 1368 de
732 1305 870 1391 Juan
877 1286 998 1368 Pons
1003 1301 1124 1368 veler
1135 1317 1191 1370 de
1202 1288 1337 1387 Bara
1322 1311 1431 1397 fill
1430 1317 1485 1372 de
1478 1305 1618 1395 Juan
1625 1284 1738 1362 Pons
1737 1289 1870 1356 veler
1877 1293 1952 1354 de

397 1373 543 1474 Bara
548 1390 723 1480 defunct
710 1417 777 1480 y
790 1396 840 1457 de
861 1386 1166 1490 Montserrada
1193 1394 1265 1461 ab
1284 1384 1532 1488 Maryanna
1541 1390 1740 1488 donsella
1739 1384 1864 1468 filla
1873 1377 1962 1438 de

379 1464 503 1553 Pere
514 1471 699 1551 Alaver
714 1491 916 1553 carnicer
931 1497 996 1559 de
999 1462 1157 1571 Bara
1131 1518 1199 1583 y
1207 1499 1273 1559 de
1296 1481 1582 1598 Margarida

384 1597 453 1664 dit
474 1591 561 1658 dia
576 1574 749 1660 rebere
758 1599 808 1662 de
797 1583 946 1691 Juan
955 1572 1223 1662 Armadans
1238 1591 1383 1708 pages
1390 1601 1449 1668 de
1458 1562 1624 1689 Bara
1629 1589 1708 1660 ab
1719 1570 1921 1683 Angela
1897 1519 2029 1589 viuda
1929 1577 1997 1652 de

377 1694 509 1794 Juan
540 1690 685 1759 Oliver
702 1694 870 1757 texidor
891 1694 942 1762 de
959 1686 1016 1755 lli
1033 1688 1088 1755 de
1101 1690 1166 1755 la
1169 1690 1295 1757 vila
1310 1692 1365 1762 de
1388 1690 1576 1753 Cervera
1591 1682 1734 1784 bisbat
1743 1692 1800 1747 de
1805 1678 2007 1787 Solsona

384 2069 581 2169 Diumege
588 2100 629 2143 a
634 2088 721 2141 28
738 2071 884 2138 rebere
893 2079 944 2136 de
947 2069 1142 2143 Andreu
1151 2081 1409 2173 Massaguer
1424 2079 1616 2143 texidor
1621 2071 1676 2140 de
1685 2077 1812 2134 llana
1825 2075 1890 2140 de
1895 2055 2015 2140 Vila=

377 2168 593 2259 francha
606 2173 665 2234 de
676 2148 910 2236 Panaders
933 2162 1156 2234 habitant
1166 2189 1227 2233 en
1232 2154 1401 2254 Bara
1384 2154 1501 2256 fill
1506 2164 1563 2229 de
1581 2150 1758 2259 Gabriel
1767 2148 1959 2226 Antich

393 2266 671 2368 Massaguer
686 2260 852 2331 texidor
867 2262 926 2331 de
939 2272 1074 2329 llana
1087 2270 1146 2335 de
1151 2257 1461 2358 Vilafrancha
1476 2264 1536 2327 de
1541 2241 1754 2335 Panaders
1757 2280 1814 2360 y
1815 2258 1876 2321 de
1881 2233 2009 2323 An=

374 2367 501 2476 gela
536 2363 750 2449 defuncts
781 2359 858 2422 ab
881 2353 1171 2464 Magdalena
1186 2355 1349 2424 viuda
1370 2369 1437 2428 de
1458 2346 1638 2420 March
1629 2346 1836 2447 Joncosa
1843 2355 1983 2445 pages

397 2479 447 2540 de
462 2450 573 2530 Sta
576 2456 713 2520 Oliva
718 2461 844 2522 mori
857 2473 930 2519 en
945 2446 1044 2520 dita
1047 2450 1325 2565 parrochia
1346 2460 1405 2519 de
1408 2440 1531 2525 Sta
1530 2444 1672 2519 Oliva

374 2552 451 2627 dit
462 2560 535 2615 dia
538 2554 683 2619 rebere
696 2558 759 2621 del
781 2543 858 2623 Sr
867 2545 1106 2645 Hieronym
1127 2539 1231 2623 Clos
1242 2552 1377 2619 doctor
1378 2576 1449 2619 en
1452 2551 1578 2623 drets
1581 2558 1772 2621 ciuteda
1781 2547 1848 2615 de
1851 2516 2021 2646 Bara

383 2653 523 2716 viudo
534 2647 611 2714 ab
618 2653 679 2718 la
690 2632 805 2720 Sra
800 2630 1040 2747 Raphela
1061 2641 1275 2751 donsella
1274 2644 1425 2739 filla
1446 2647 1503 2716 de
1517 2653 1698 2751 jaume
1719 2612 1971 2745 Burgues

384 2773 577 2873 parayre
598 2752 659 2816 de
686 2723 942 2857 Puigcerda
963 2736 1180 2813 habitant
1193 2767 1259 2815 en
1264 2727 1451 2851 Bara
1430 2781 1495 2838 y
1514 2750 1569 2813 de
1597 2730 1896 2849 Margarida

377 2854 455 2919 Dit
468 2858 537 2915 dia
548 2845 701 2915 rebere
714 2854 767 2911 de
791 2837 968 2919 Narcis
993 2839 1175 2950 çacamp
1196 2864 1387 2954 parayre
1406 2835 1628 2911 habitant
1629 2864 1696 2904 en
1695 2841 1754 2904 la
1759 2817 1979 2906 Rocha

359 2941 483 3049 fill
500 2951 551 3012 de
578 2933 760 3035 Miquel
793 2932 978 3050 çacamp
987 2963 1184 3060 parayre
1208 2935 1263 3006 de
1280 2910 1527 3035 Granollers
1510 2965 1578 3027 y
1586 2941 1654 3010 de
1649 2932 1816 3035 Juana
1821 2928 2055 3029 defuncts

387 3046 455 3109 ab
462 3016 651 3114 Paula
664 3038 820 3110 viuda
831 3042 900 3107 de
907 3034 1191 3135 Montserrat
1210 3021 1341 3103 Vidal
1318 3040 1493 3140 sastre
1517 3040 1573 3103 de
1591 3019 1668 3087 la
1691 2997 1995 3101 Rocha
