2690 3794
379 280 581 389 Diumege
597 323 632 359 a
661 304 742 367 23
764 287 911 363 rebere
936 300 985 367 de
1008 287 1208 391 Guillem
1232 291 1461 400 Mascurt
1471 315 1669 397 parayre
1676 308 1813 372 viudo
1825 304 1882 365 de
1725 364 1923 471 Bara

400 386 467 457 ab
491 388 782 485 Magdalena
788 390 939 455 viuda
955 386 1015 449 de
1025 375 1201 477 Galcera
1220 390 1425 455 Cardona
1429 405 1629 487 parayre
1649 390 1707 451 de
1884 276 2050 386 Bara

386 478 562 546 dimars
574 508 619 546 a
636 497 727 550 25
731 468 916 541 donare
914 476 1102 544 llicentia
1105 500 1191 578 per
1202 495 1322 541 amor
1329 491 1381 543 de
1391 476 1493 539 Deu
1507 502 1535 537 a
1568 459 1747 539 Antoni
1757 448 1986 543 Bauras

388 567 554 634 texidor
574 579 624 638 de
638 571 700 632 lli
707 558 922 632 habitant
925 588 990 632 en
972 629 1131 745 Bara
1156 569 1288 638 viudo
1310 562 1385 638 ab
1389 545 1570 632 Elienor
1577 566 1713 632 viuda
1742 569 1796 630 de
1809 540 2003 632 Pere

363 648 494 748 font
500 652 677 772 pages
669 650 869 724 habitant
872 680 943 724 en
1010 540 1163 645 Bara

390 747 458 804 dit
472 753 543 810 dia
563 740 715 808 rebere
728 758 778 810 de
786 745 952 836 Gabriel
967 738 1197 804 Valiellas
1209 751 1381 834 parayre
1401 725 1601 795 habitant
1617 745 1675 789 en
1697 706 1844 804 Bara
1829 723 1950 812 fill

386 841 446 896 de
453 831 615 924 Gabriel
635 833 837 901 Valiellas
849 854 1032 929 parayre
1039 861 1089 944 y
1101 839 1153 896 de
1175 822 1438 914 #
1452 809 1718 907 Hieronyma
1738 814 1957 901 defuncta

383 919 459 980 ab
472 915 734 1012 Hieronyma
758 924 962 1021 donsella
965 926 1104 1025 filla
1126 932 1184 987 de
1215 895 1425 991 Bernabe
1435 898 1622 1012 Bosch
1607 938 1802 1025 parayre
1814 938 1861 1015 y
1865 906 1933 974 de

384 1007 666 1101 Hieronyma
684 1014 882 1118 defuncta

377 1100 554 1167 Dimecres
566 1118 620 1165 a
624 1104 711 1165 26
720 1101 880 1165 #
890 1096 1059 1164 #
1069 1091 1209 1154 rebere
1223 1095 1275 1159 de
1276 1063 1392 1152 Pere
1412 1083 1593 1163 Sanchez
1600 1080 1749 1146 soldat
1754 1085 1808 1141 de
1814 1057 1997 1146 Anda=

396 1194 507 1266 lusia
525 1182 721 1253 habitant
733 1211 797 1245 en
826 1164 973 1262 Bara
965 1175 1049 1242 ab
1042 1173 1189 1242 Anna
1204 1173 1389 1260 donsella
1393 1171 1527 1260 filla
1545 1173 1599 1234 de
1588 1152 1718 1264 Jua
1738 1141 1879 1232 Baro
1892 1173 2016 1262 pages

388 1280 444 1335 de
453 1246 607 1355 Bara
603 1298 658 1365 y
673 1283 727 1339 de
769 1278 814 1335 t
843 1265 1044 1364 defuncts

390 1354 516 1447 dijous
531 1375 564 1415 a
585 1366 660 1413 27
684 1347 833 1413 rebere
857 1358 903 1419 de
931 1341 1127 1415 Nicolau
1118 1343 1305 1449 Juglar
1300 1360 1438 1449 pages
1450 1351 1512 1410 del
1530 1360 1663 1438 regne
1681 1341 1737 1406 de
1735 1332 1952 1436 fransa

396 1439 584 1511 habitant
603 1467 666 1507 en
673 1451 731 1505 la
739 1439 966 1540 parrochia
993 1450 1040 1505 de
1057 1429 1242 1507 Lavern
1272 1437 1341 1501 ab
1350 1420 1588 1501 Catherina
1605 1427 1792 1527 donsella
1791 1420 1961 1514 filla

394 1543 442 1606 de
458 1525 698 1641 Christophol
722 1528 960 1606 Navarro
970 1552 1182 1640 parayre
1188 1541 1252 1593 de
1255 1508 1411 1613 Bara
1395 1554 1457 1619 y
1471 1525 1533 1595 de
1558 1519 1785 1593 Catherina
1797 1489 1971 1604 defucta

390 1635 463 1699 dit
481 1640 539 1692 dia
553 1627 691 1694 rebere
703 1639 749 1694 de
779 1609 948 1714 Raphel
976 1609 1134 1720 Bosca
1151 1629 1328 1724 calsater
1334 1624 1385 1688 de
1395 1629 1555 1718 agulla
1568 1612 1770 1682 habitant
1776 1635 1836 1679 en
1848 1590 1995 1696 Bara

379 1727 486 1821 fill
506 1728 554 1791 de
822 1697 977 1809 Bosca
1632 1702 1715 1778 ab
1742 1679 1950 1778 Polonia

386 1820 566 1912 donsella
585 1814 704 1905 filla

383 1900 454 1965 dit
455 1908 518 1968 dia
532 1900 660 1963 rebere
674 1908 732 1963 de
720 1893 884 1985 Joseph
917 1872 1066 1954 Ricas
1073 1893 1256 1981 calsater
1276 1900 1324 1952 de
1327 1887 1464 1976 agulla
1484 1883 1555 1944 del
1552 1897 1675 1970 regne
1689 1878 1741 1933 de
1736 1863 1940 1959 fransa

394 1988 583 2051 habitant
587 2008 651 2049 en
661 1969 808 2069 Bara
809 1986 880 2047 ab
891 1975 1022 2047 Anna
1031 1990 1163 2045 viuda
1185 1988 1237 2037 de
1249 1969 1419 2049 Narcis
1437 1949 1635 2039 Blanch
1645 1966 1804 2032 texidor
1803 1966 1866 2026 de
1869 1958 1993 2025 llana

394 2072 590 2152 habitant
604 2104 670 2154 en
684 2061 899 2191 Camprodo
910 2065 1042 2178 bisbat
1048 2085 1104 2148 de
1120 2072 1280 2178 Girona

388 2179 598 2255 Divendres
606 2200 670 2249 a
675 2188 763 2249 28
763 2169 910 2246 rebere
920 2184 985 2243 de
999 2171 1170 2279 Samso
1173 2177 1343 2247 Demont
1342 2179 1529 2269 frances
1532 2192 1568 2272 #
1577 2177 1714 2262 mestre
1732 2166 1796 2238 de
1799 2171 1938 2257 cases

390 2272 586 2344 habitant
595 2304 664 2342 en
688 2268 869 2342 Mataro
889 2266 951 2342 ab
967 2276 1136 2344 Maria
1151 2268 1345 2374 donsella
1336 2274 1470 2368 filla
1492 2282 1542 2340 de
1564 2254 1736 2340 Antoni
1753 2265 1931 2338 Carles

388 2386 575 2467 parayre
593 2379 645 2439 de
676 2365 848 2437 Mataro
868 2371 1040 2460 defunct
1035 2397 1093 2460 y
1105 2367 1159 2432 de
1151 2360 1396 2454 francina

384 2458 446 2519 dit
457 2460 527 2517 dia
534 2446 671 2524 rebere
681 2468 726 2528 de
721 2458 802 2547 #
784 2438 911 2524 Pere
931 2438 1046 2542 Rey
1051 2471 1202 2561 pages
1193 2454 1401 2558 frances
1421 2449 1637 2524 habitant
1638 2471 1700 2517 en
1718 2438 1981 2550 Argentona

384 2543 456 2616 ab
463 2530 621 2610 Anna
620 2551 773 2616 viuda
793 2546 846 2610 de
835 2549 1060 2650 Joachim
1079 2527 1269 2644 Rossell
1278 2543 1521 2612 treballador
1533 2565 1587 2606 en
1606 2535 1776 2638 Arenys
1781 2551 1835 2614 de
1846 2565 1964 2612 munt

384 2635 535 2742 bisbat
557 2637 612 2704 de
632 2627 804 2736 Gerona

376 2731 446 2802 dit
453 2735 517 2800 dia
528 2727 680 2794 rebere
681 2725 722 2794 de
725 2733 879 2826 jaume
892 2707 1033 2788 Vidal
1028 2739 1166 2824 pages
1185 2709 1387 2788 habitant
1396 2743 1450 2788 en
1463 2685 1621 2806 Bara
1604 2717 1720 2808 fill
1726 2725 1778 2782 de
1787 2719 1952 2816 jaume

384 2809 515 2890 Vidal
518 2829 655 2924 pages
679 2819 730 2878 de
744 2809 1015 2904 Vilafranca
1026 2813 1080 2882 de
1071 2785 1298 2890 Penaders
1311 2839 1347 2912 y
1356 2817 1418 2880 de
1470 2813 1511 2878 t
1628 2803 1706 2880 ab
1705 2795 1857 2874 Anna
1866 2809 1926 2876 #

382 2909 594 2988 Madrona
626 2905 787 3016 dosella
776 2911 909 3006 filla
935 2907 991 2977 de
1008 2897 1178 3022 Gabriel
1195 2911 1357 3013 Sistero
1364 2901 1548 3019 botiguer
1561 2911 1621 2977 de
1632 2899 1757 2970 telas
1764 2909 1826 2970 de
1834 2873 1969 2988 Bara

386 3010 568 3101 defunct
544 3029 611 3103 y
628 3004 688 3071 de
715 2991 983 3105 Stephania

386 3102 543 3189 dissapte
553 3122 586 3161 a
603 3110 670 3171 29
687 3090 824 3159 rebere
835 3102 889 3155 de
882 3070 1011 3155 Pere
1010 3084 1176 3175 fornes
1185 3100 1371 3181 pentiner
1384 3084 1464 3143 del
1466 3094 1599 3169 regne
1608 3078 1666 3135 de
1653 3079 1835 3169 fransa
1848 3060 1960 3145 habi=

378 3194 491 3249 tant
500 3208 560 3243 en
585 3158 743 3261 Bara
746 3184 810 3249 ab
823 3176 1066 3273 Margarida
1079 3168 1267 3263 donsella
1274 3170 1391 3263 filla
1406 3168 1456 3225 de
1467 3146 1635 3249 Perriz
1634 3144 1776 3229 Patau
1781 3172 1930 3253 poater

380 3266 545 3355 defunct
536 3294 596 3357 y
597 3280 653 3337 de
652 3274 826 3367 Juana
