2690 3794
372 256 619 366 Divendres
636 306 696 368 al
700 299 775 391 pr
773 309 820 366 de
835 309 889 366 dit
906 301 1043 364 rebere
1056 311 1113 370 de
1131 284 1254 368 Pere
1273 292 1471 368 Raurell
1480 322 1654 392 parayre
1672 303 1726 371 de
1741 290 1941 401 Tegas

404 382 543 477 bisbat
562 390 618 447 de
622 382 765 477 Urgell
781 388 997 453 habitant
1003 405 1065 453 en
1092 386 1295 489 terrassa
1303 394 1428 453 viudo
1450 390 1524 454 ab
1539 379 1811 472 Hieronyma
1819 377 1999 446 viuda

406 488 451 546 de
473 471 643 569 Miquel
670 478 781 543 Valls
794 495 979 570 parayre
1005 476 1054 541 de
1074 483 1162 543 dita
1173 479 1276 536 vila
1289 488 1403 536 mori
1418 495 1476 532 en
1495 462 1598 532 ella

400 566 460 633 dit
476 573 547 631 dia
551 563 685 630 rebere
698 575 747 636 de
737 577 864 662 Juan
868 554 1054 636 Romeu
1056 578 1183 669 pages
1204 566 1258 626 de
1275 550 1352 628 St
1339 566 1496 647 jaume
1516 561 1565 619 de
1576 550 1838 619 Sesoliveres
1831 547 1987 622 viudo

402 653 463 716 ab
480 644 745 738 Hieronyma
753 649 903 713 viuda
922 656 974 713 de
975 653 1098 742 juan
1129 632 1279 714 Marti
1291 656 1419 744 pages
1439 642 1487 704 de
1496 623 1581 706 St
1567 630 1751 697 Sadorni
1748 635 1808 700 de
1814 625 2012 699 Subirats

407 733 566 830 dissapte
574 757 611 796 a
620 750 667 798 2
688 729 830 798 rebere
844 741 891 801 de
885 733 1121 825 francesch
1138 733 1306 832 Rigual
1301 757 1433 846 pages
1447 743 1494 801 de
1516 733 1675 796 Corbera
1683 731 1808 792 viudo
1828 725 1909 796 ab
1909 708 2003 794 Eli=

391 822 554 924 sabeth
565 833 694 894 viuda
714 829 768 893 de
780 816 942 893 Damia
956 817 1135 893 Tauder
1152 829 1283 891 doctor
1285 849 1341 889 en
1356 826 1593 891 Medicina

400 913 458 985 dit
475 925 543 985 dia
547 920 694 986 rebere
707 925 758 988 de
776 923 944 1026 Miquel
964 918 1125 993 Narcis
1138 921 1302 1030 Spital
1307 933 1451 988 torner
1441 944 1503 1009 y
1514 926 1666 1010 mestre
1675 918 1724 983 de
1732 939 1850 978 axa
1856 904 1996 978 habi=

402 1022 504 1076 tant
512 1041 572 1075 en
585 989 731 1099 Bara
734 1015 873 1080 viudo
893 1020 958 1083 ab
966 999 1155 1123 Angela
1170 1015 1322 1082 viuda
1339 1018 1396 1085 de
1408 1003 1703 1082 Barthomeu
1711 989 1866 1116 Pujol
1874 1025 1989 1075 can=

386 1107 513 1175 daler
530 1110 586 1180 de
599 1133 680 1177 ceu
700 1117 761 1180 de
781 1081 953 1206 Bara

389 1204 460 1282 dit
478 1215 553 1276 dia
563 1194 743 1285 rebere
733 1219 792 1287 de
789 1208 933 1312 Juan
952 1185 1160 1314 Raphel
1177 1196 1348 1306 Spital
1347 1197 1515 1306 fuster
1524 1206 1582 1273 de
1590 1176 1750 1294 Bara
1735 1199 1846 1296 fill
1856 1196 1958 1278 del

389 1303 455 1375 dit
479 1298 660 1405 Miquel
686 1302 859 1377 Narcis
887 1307 1053 1407 Spital
1035 1330 1100 1395 y
1110 1305 1163 1379 de
1188 1302 1451 1397 Maryanna
1470 1298 1700 1388 defuncta
1722 1297 1804 1370 ab
1814 1295 2004 1372 Coloma

389 1401 578 1485 donsella
572 1397 702 1494 filla
722 1401 772 1473 de
786 1385 979 1471 Antoni
999 1387 1178 1476 Matas
1177 1417 1319 1520 pages
1322 1394 1386 1466 de
1401 1373 1585 1467 Pierola
1604 1396 1785 1489 defunct
1785 1426 1837 1504 y
1843 1392 1951 1464 de

387 1482 576 1605 Angela

391 1566 569 1680 Diumege
575 1604 607 1646 a
626 1583 676 1643 3
686 1557 828 1634 rebere
833 1566 881 1632 de
905 1537 1002 1621 Pere
1016 1550 1165 1627 Romeu
1168 1576 1285 1657 pages
1298 1558 1354 1625 de
1363 1539 1497 1639 Bara
1476 1553 1584 1644 fill
1593 1564 1643 1629 de
1646 1567 1799 1660 jaume
1811 1544 1985 1623 Romeu

398 1686 522 1772 pages
538 1675 591 1733 de
595 1647 745 1754 Bara
731 1682 783 1749 y
795 1665 843 1722 de
842 1656 1071 1747 francisca
1088 1654 1266 1735 defuncts
1293 1650 1359 1713 ab
1358 1643 1620 1740 Margarida
1632 1643 1817 1736 donsella
1809 1638 1958 1736 filla

400 1764 448 1828 de
471 1739 747 1828 Barthomeu
764 1739 942 1851 Alegret
954 1769 1080 1848 pages
1101 1746 1149 1813 de
1177 1723 1308 1828 Bara
1294 1767 1352 1855 y
1356 1748 1413 1811 de
1454 1746 1504 1805 t

389 1841 549 1912 Dilluns
561 1866 598 1910 a
619 1868 662 1920 4
673 1841 816 1912 rebere
827 1854 875 1912 de
891 1822 988 1912 Pau
987 1843 1095 1929 fons
1106 1863 1272 1936 parayre
1289 1854 1337 1910 de
1356 1841 1507 1938 Aulesa
1516 1847 1569 1908 de
1593 1831 1846 1933 Montserrat
1842 1822 1951 1920 fill

400 1942 441 1998 de
469 1930 629 2025 Gabriel
628 1930 750 2018 fons
766 1950 946 2023 parayre
967 1930 1009 1988 de
1032 1928 1118 1989 dita
1124 1926 1227 1991 vila
1226 1953 1277 2004 y
1291 1934 1339 1991 de
1353 1934 1488 2012 Juana
1506 1923 1692 2011 defuncts
1711 1923 1777 1984 ab
1765 1902 1964 1979 Paula

396 2022 560 2101 donsella
561 2022 683 2104 filla
693 2022 749 2088 de
735 2029 913 2119 Jaume
929 2011 1129 2082 Carreras
1144 2031 1277 2127 pages
1289 2043 1323 2110 y
1333 2018 1379 2080 de
1394 2008 1647 2110 Margarida
1659 2020 1743 2078 tots
1756 2006 1810 2072 de
1821 2003 1910 2069 dita
1909 1992 2024 2064 vila

394 2103 453 2173 dit
463 2110 526 2168 dia
538 2110 658 2172 rebere
661 2114 707 2173 de
715 2093 817 2170 Pere
829 2100 1024 2198 Anglada
1028 2125 1145 2200 pages
1155 2112 1223 2172 del
1229 2130 1346 2198 regne
1353 2112 1399 2173 de
1390 2114 1547 2193 fransa
1564 2091 1761 2163 habitant
1767 2118 1821 2159 en
1821 2098 1868 2159 lo
1876 2086 2011 2186 hospi=

394 2195 493 2258 talet
507 2192 571 2253 ab
561 2192 788 2274 francina
797 2194 980 2283 donsella
981 2194 1093 2287 filla
1110 2197 1162 2256 de
1171 2183 1391 2278 Hieronym
1409 2192 1582 2269 Vinyals
1601 2187 1790 2280 traginer
1796 2185 1853 2251 de
1856 2197 1969 2248 mar

367 2310 430 2375 #
432 2289 598 2361 defunct
604 2309 649 2388 y
653 2287 702 2347 de
717 2265 924 2356 Elisabeth

374 2371 527 2479 Dijous
548 2404 591 2451 a
595 2397 636 2453 7
648 2376 798 2446 rebere
805 2383 857 2434 de
864 2351 1031 2428 Antoni
1048 2362 1174 2428 Salis
1179 2369 1234 2426 de
1242 2340 1326 2426 St
1322 2351 1470 2430 Vicens
1477 2362 1580 2425 dels
1588 2353 1705 2430 horts
1709 2385 1868 2458 manya
1880 2356 2009 2426 #

394 2471 499 2522 #
512 2484 571 2531 #
592 2441 743 2541 #
726 2449 834 2536 fill
840 2461 893 2527 de
903 2447 1078 2522 Antoni
1088 2457 1218 2524 Salis
1222 2466 1375 2549 ferrer
1390 2461 1440 2522 de
1456 2434 1535 2520 St
1535 2445 1683 2527 Vicens
1695 2457 1868 2541 defunct
1865 2478 1917 2556 y
1917 2452 1977 2524 de

385 2539 584 2653 Angela
617 2548 685 2616 ab
697 2537 883 2621 Eularia
896 2551 1083 2635 donsella
1082 2542 1219 2637 filla
1226 2556 1281 2619 de
1293 2544 1473 2642 Miquel
1483 2549 1707 2612 Muntaner
1707 2562 1837 2653 pages
1836 2565 1882 2642 y
1887 2542 1955 2609 de

398 2634 586 2725 Elienor
601 2655 694 2720 tots
711 2650 776 2720 de
791 2643 901 2722 dita
905 2648 1140 2761 parrochia
1159 2641 1219 2715 de
1227 2629 1312 2717 St
1314 2638 1477 2719 Vicens

389 2746 452 2809 dit
449 2744 537 2807 dia
545 2737 678 2807 rebere
699 2749 743 2809 de
753 2726 973 2816 Thomas
974 2742 1120 2812 Llibre
1124 2760 1254 2844 pages
1276 2751 1326 2807 de
1338 2737 1397 2807 #
1400 2739 1640 2837 Canyamas
1653 2733 1906 2823 sufraganea
1923 2718 1982 2786 de

385 2832 569 2908 Dorrius
563 2831 703 2940 fill
717 2843 767 2901 de
798 2827 998 2945 Hypolit
1017 2825 1162 2906 Llibre
1177 2852 1301 2934 pages
1322 2838 1375 2903 de
1387 2827 1480 2897 dita
1481 2848 1725 2936 parrochia
1572 2815 1611 2865 y
1610 2795 1652 2848 de
1650 2799 1853 2844 Catherina
1738 2811 1967 2909 defuncts

400 2939 466 3009 ab
485 2930 718 3026 Elisabeth
731 2933 926 3035 donsella
919 2916 1056 3028 filla
1079 2932 1131 2996 de
1133 2910 1256 3003 Pere
1264 2933 1475 3028 flaquer
1481 2933 1623 3030 pages
1630 2923 1687 2991 de
1686 2921 1832 2988 Mata
1845 2917 1996 3010 sufra=

371 3056 555 3141 ganea
561 3036 624 3104 de
650 3020 837 3097 Mataro
836 3043 892 3138 y
898 3031 953 3093 de
974 3027 1018 3095 t
1052 3026 1281 3104 defuncta

387 3117 591 3191 Divendres
610 3142 643 3178 a
661 3128 702 3181 8
717 3117 854 3186 rebere
859 3125 921 3182 de
923 3110 1087 3182 Antoni
1094 3110 1258 3203 Majol
1260 3112 1457 3209 blanquer
1463 3109 1525 3171 de
1527 3089 1603 3181 St
1585 3084 1773 3167 Andreu
1780 3106 1832 3165 de
1841 3094 1900 3162 la
1905 3086 2033 3159 barca

400 3200 605 3267 habitant
612 3220 667 3262 en
677 3183 828 3281 Bara
809 3199 912 3281 fill
918 3200 968 3263 de
985 3195 1238 3286 Montserrat
1258 3192 1408 3277 Majol
1390 3209 1540 3286 pages
1544 3209 1584 3274 y
1588 3193 1640 3249 de
1657 3185 1967 3272 Montserrada

378 3289 580 3368 defuncts
595 3285 669 3352 ab
688 3275 933 3352 Mathiana
950 3282 1105 3373 dosella
1102 3282 1230 3362 filla
1247 3282 1299 3345 de
1294 3270 1397 3370 Jua
1416 3270 1640 3368 Guardi#
1648 3262 1848 3370 blanquer
1800 3232 1967 3295 deBarca
1849 3267 2007 3353 defunct

365 3400 419 3463 y
434 3385 500 3439 de
525 3358 705 3446 Elienor
