2690 3794
379 335 536 429 Dimarç
550 364 591 402 a
606 342 678 403 20
689 331 833 400 rebere
830 339 900 406 del
904 331 969 400 Sr
961 339 1141 427 Jaume
1165 333 1418 431 Margaleph
1437 319 1531 403 Sr
1527 340 1586 401 de
1590 311 1759 403 Pradell
1772 336 1834 401 de
1831 333 1888 400 la
1892 339 2005 400 torra

397 453 436 534 y
461 428 574 494 lloch
593 433 642 492 de
648 430 826 514 fluvia
846 430 917 494 del
933 421 1070 520 bisbat
1087 430 1139 491 de
1142 423 1275 521 Urgell
1282 430 1411 492 viudo
1436 424 1499 485 ab
1508 428 1567 491 la
1576 410 1691 492 Sra
1677 430 1786 487 dona
1802 415 2018 510 Hierony=

405 551 496 590 ma
507 526 704 618 donsella
710 515 830 610 filla
842 517 894 587 de
912 528 996 589 don
1019 509 1147 616 Luys
1166 517 1328 590 Turell
1344 520 1522 603 defunct
1530 539 1577 614 y
1579 520 1633 581 de
1641 519 1756 581 dona
1777 511 1993 578 Maria

390 618 470 683 Dit
475 631 551 686 dia
557 618 694 683 rebere
706 626 756 683 de
763 617 892 705 Juan
908 597 1013 677 Pau
1033 606 1166 696 Ayter
1174 622 1375 699 negociant
1391 617 1441 676 de
1455 588 1601 703 Bara
1594 609 1691 692 fill
1698 615 1748 670 de
1766 586 2044 669 Barthomeu

397 713 549 812 Ayter
567 707 732 772 texidor
748 717 796 774 de
810 713 864 776 lli
880 715 934 776 de
951 687 1100 794 Bara
1091 735 1130 801 y
1142 709 1196 770 de
1202 700 1426 787 francina
1449 702 1652 787 defuncts
1658 696 1733 759 ab
1742 673 1976 785 Elisabeth

397 811 634 913 Speransa
669 802 849 892 donsella
859 798 983 894 filla
1002 807 1056 868 de
1065 789 1239 864 Antoni
1232 780 1345 894 Jua
1359 778 1629 859 Ramoneda
1630 803 1842 897 parayre
1847 793 1904 848 de
1909 762 2052 864 Bara

407 927 444 1002 y
450 909 506 971 de
524 912 690 1013 juana

397 994 474 1057 Dit
476 989 545 1050 dia
561 979 700 1048 rebere
718 981 768 1040 de
778 954 888 1035 Pau
906 967 1094 1072 Garriga
1108 985 1309 1072 parayre
1332 970 1382 1028 de
1398 960 1567 1022 Cabrera
1583 949 1799 1019 habitant
1806 972 1871 1012 en
1875 929 2029 1015 Piera

380 1081 494 1182 fill
512 1078 566 1146 de
584 1078 756 1169 jaume
784 1043 992 1173 Garriga
997 1071 1149 1184 pages
1161 1063 1224 1135 de
1236 1049 1382 1130 Piera
1400 1080 1456 1166 y
1468 1056 1528 1120 de
1561 1029 1754 1120 Eularia
1775 1045 2012 1144 defuncta

401 1176 477 1244 ab
492 1159 715 1265 Elisabeth
742 1170 937 1265 donsella
944 1168 1079 1269 filla
1099 1168 1154 1233 de
1180 1150 1320 1258 Magi
1332 1154 1454 1229 Tudo
1455 1170 1603 1265 pages
1615 1154 1671 1222 de
1687 1136 1835 1222 Piera
1853 1150 2038 1242 defunct

401 1297 440 1375 y
446 1272 506 1344 de
501 1279 670 1371 juana

392 1359 474 1427 Dit
490 1363 570 1422 dia
578 1341 743 1415 rebere
740 1344 794 1404 de
807 1333 1036 1404 Salvador
1057 1326 1251 1431 Castellet
1250 1346 1441 1433 parayre
1460 1332 1509 1393 de
1528 1323 1803 1431 Sparaguera
1806 1323 1921 1415 fill
1930 1326 1988 1382 de

395 1448 625 1514 Salvador
648 1437 832 1534 Castellet
840 1451 1028 1536 parayre
1040 1453 1083 1520 y
1089 1433 1143 1496 de
1149 1424 1367 1489 Valentina
1398 1419 1471 1491 ab
1455 1428 1627 1523 Juana
1643 1424 1816 1505 donsella
1804 1421 1937 1509 filla
1947 1417 2003 1478 de

401 1535 604 1605 Mathia
616 1522 828 1594 Tovella
835 1542 966 1627 pages
978 1526 1058 1591 del
1067 1506 1186 1618 Puig
1195 1524 1452 1614 sufraganea
1481 1524 1528 1585 de
1540 1521 1816 1621 Sparaguera
1836 1513 2021 1598 defunct

392 1666 430 1745 y
439 1635 493 1698 de
512 1613 696 1730 Angela

384 1724 462 1787 Dit
465 1727 532 1785 dia
546 1708 687 1781 rebere
691 1722 739 1779 de
757 1708 930 1808 Gabriel
942 1697 1139 1770 Thomas
1138 1684 1288 1799 pages
1291 1702 1345 1759 de
1351 1669 1456 1756 Sta
1451 1676 1627 1761 Eularia
1641 1700 1695 1758 de
1711 1671 1933 1781 Rosanes
1924 1689 2027 1776 fill

394 1820 445 1885 de
461 1794 758 1886 Barthomeu
774 1796 985 1872 Thomas
1000 1811 1145 1899 pages
1127 1827 1190 1892 y
1200 1802 1251 1866 de
1266 1780 1446 1886 Angela
1468 1789 1539 1857 ab
1540 1780 1733 1897 Angela
1743 1787 1971 1886 donsella

373 1902 509 1997 filla
529 1916 583 1973 de
584 1905 736 2001 Juan
746 1887 904 1979 Pares
908 1918 1047 2014 pages
1065 1905 1120 1966 de
1136 1869 1390 1968 Badalona
1398 1907 1441 1992 y
1449 1895 1503 1955 de
1515 1869 1727 1957 Beneta

386 2007 600 2086 Dimecres
622 2029 662 2072 a
674 2014 747 2077 21
758 2002 948 2078 reberem
954 2003 1032 2075 de
1036 1972 1245 2091 Batista
1259 1981 1429 2055 Suris
1410 2009 1597 2100 parayre
1609 1985 1674 2055 de
1679 1972 1895 2044 Sabadell
1886 1951 2001 2062 fill

395 2112 451 2177 de
524 2120 585 2175 t
689 2090 864 2170 Suris
871 2105 1056 2170 tintorer
1067 2101 1122 2170 de
1131 2098 1350 2164 Sabadell
1355 2116 1399 2199 y
1410 2096 1473 2151 de
1493 2072 1701 2155 Eularia
1728 2062 1988 2171 defuncts

392 2203 459 2269 ab
476 2192 660 2275 Maria
671 2205 870 2306 donsella
871 2196 1011 2302 filla
1036 2203 1088 2269 de
1095 2178 1218 2269 Pau
1238 2189 1444 2295 Ginesta
1459 2190 1626 2255 texidor
1636 2189 1690 2251 de
1702 2187 1852 2248 llana
1866 2180 1965 2249 de

382 2290 545 2409 Ripoll
571 2299 771 2375 habitant
789 2328 868 2375 en
895 2303 1107 2369 Sabadell
1110 2324 1162 2407 y
1170 2305 1218 2362 de
1242 2281 1428 2366 Elienor

375 2408 468 2476 dit
475 2399 560 2475 dia
580 2395 747 2475 rebere
746 2412 807 2476 de
810 2369 998 2496 Phelip
1012 2394 1150 2480 Vidal
1151 2416 1296 2514 pages
1314 2397 1367 2458 de
1374 2365 1467 2458 St
1451 2392 1599 2482 feliu
1613 2386 1673 2451 de
1681 2375 1903 2484 Llobregat
1905 2381 2035 2449 viudo

386 2501 459 2571 ab
459 2486 617 2567 Paula
641 2502 826 2602 donsella
822 2492 968 2602 filla
980 2501 1039 2567 de
1046 2477 1164 2572 Pere
1183 2483 1388 2598 Pallissa
1402 2513 1545 2607 pages
1557 2490 1612 2558 de
1625 2477 1731 2560 Sta
1732 2488 1844 2558 Creu
1868 2477 1965 2558 del

394 2613 498 2683 orde
512 2631 555 2712 y
557 2611 611 2674 de
693 2609 747 2672 t
853 2599 1107 2697 defuncta

381 2693 458 2757 Dit
463 2696 536 2757 dia
535 2691 672 2761 rebere
686 2697 732 2761 de
723 2686 952 2781 francesch
978 2678 1234 2771 Montserda
1247 2691 1371 2769 pages
1382 2672 1438 2736 de
1445 2652 1604 2732 Tiana
1611 2650 1720 2749 fill
1733 2658 1782 2718 de
1793 2625 1990 2737 franch

398 2784 652 2885 Montserda
665 2804 801 2897 pages
804 2811 852 2875 y
865 2798 920 2855 de
935 2760 1126 2848 Beneta
1141 2774 1334 2858 defuncts
1347 2770 1416 2836 ab
1431 2744 1651 2852 Elisabeth
1658 2754 1849 2840 donsella
1844 2751 1990 2848 filla

398 2886 452 2948 de
473 2874 636 2952 Antich
655 2878 828 2983 Guasch
841 2896 965 2985 pages
978 2874 1156 2956 defunct
1155 2894 1201 2973 y
1204 2874 1256 2930 de
1282 2864 1444 2964 Angela
1460 2866 1553 2926 tots
1568 2861 1620 2925 de
1631 2854 1730 2920 dita
1740 2841 1994 2952 parrochia

383 2982 460 3046 Dit
471 2974 542 3043 dia
549 2984 685 3046 rebere
702 2987 754 3046 de
773 2972 965 3050 Bernat
986 2972 1220 3041 Salvador
1231 2979 1379 3064 mestre
1395 2977 1449 3036 de
1458 2972 1575 3060 cases
1588 2969 1638 3028 de
1656 2963 1845 3031 Mataro
1838 2957 1939 3050 fill

396 3071 446 3135 de
457 3075 587 3174 juan
618 3075 842 3139 Salvador
857 3079 1014 3161 mestre
1035 3077 1087 3139 de
1096 3081 1216 3168 cases
1229 3073 1285 3143 de
1288 3065 1483 3137 Mataro
1505 3067 1710 3149 defuncta
1713 3083 1755 3158 y
1756 3057 1814 3121 de
1834 3042 1990 3143 Eufra=

388 3157 507 3231 hina
520 3167 595 3233 ab
612 3148 832 3261 Elisabeth
841 3165 1044 3259 donsella
1035 3163 1167 3269 filla
1194 3169 1246 3237 de
1309 3171 1361 3231 t
1399 3165 1642 3269 ferragut
1650 3179 1783 3271 pages
1811 3161 1869 3225 de
1895 3144 2004 3219 Ma=

386 3281 491 3326 taro
508 3266 687 3357 defunct
706 3285 750 3367 y
753 3263 809 3332 de
839 3242 1034 3329 Eularia
