2690 3794
296 281 552 402 Dissapte
559 321 596 365 a
614 313 658 367 2
680 289 837 367 rebere
830 300 894 362 de
893 273 1021 367 Pau
1033 292 1207 367 Torres
1212 300 1314 365 oller
1316 297 1372 359 de
1387 263 1544 383 Bara
1519 287 1635 394 fill
1639 308 1695 375 de
1713 281 1994 373 Barthomeu

359 385 546 463 Torres
564 382 681 463 oller
666 417 719 482 y
721 396 782 474 de
787 377 985 460 Eularia
1009 380 1092 452 ab
1091 369 1303 476 Elisabeth
1307 377 1506 482 donsella
1497 380 1632 479 filla
1639 385 1703 452 de
1702 361 1816 458 Pere
1837 361 2030 471 Boveres

362 483 587 575 scudaller
586 483 650 554 de
669 465 809 580 Bara
792 499 859 570 y
874 486 930 551 de
962 465 1254 583 Magdalena
1269 478 1484 570 defuncts

342 587 437 655 Dit
447 577 535 649 dia
545 571 705 652 rebere
715 582 774 655 de
770 579 1037 684 francesch
1039 577 1300 665 fontanils
1307 569 1500 681 botiguer
1505 579 1561 647 de
1560 579 1684 647 telas
1694 579 1758 649 de
1768 526 1967 671 Bara

362 667 505 745 viudo
518 662 593 740 ab
597 672 848 745 Catherina
847 675 998 745 viuda
1003 675 1067 742 de
1080 648 1289 745 Bernat
1291 654 1418 777 Puig
1406 670 1574 769 sastre
1576 670 1648 745 de
1653 646 1824 761 Bara

340 762 560 886 Diumege
567 800 607 856 a
627 778 678 859 3
691 770 845 859 rebere
852 781 941 859 del
948 752 1037 854 Sr
1031 762 1174 872 Luys
1168 762 1429 851 Altarriba
1434 781 1651 851 mercader
1658 778 1723 851 de
1722 741 1868 870 Bara
1856 762 1980 862 fill

370 874 420 947 de
411 877 560 971 Juan
572 866 831 950 Altarriba
839 879 1067 955 mercader
1077 885 1144 955 de
1154 853 1413 955 Bellianes
1387 885 1462 974 y
1467 879 1525 950 de
1521 850 1687 947 Paula
1702 866 1903 971 defuncts
1913 866 1983 942 ab

372 970 434 1048 la
448 957 580 1048 Sra
575 965 766 1077 Eugenia
776 973 979 1077 donsella
973 967 1106 1077 filla
1121 973 1188 1051 de
1198 959 1380 1048 Antoni
1390 965 1580 1048 Molner
1573 978 1808 1048 mercader
1807 978 1873 1051 de
1892 938 2052 1077 Bara

367 1079 549 1178 defunct
551 1095 612 1178 y
595 1076 658 1144 de
671 1060 724 1138 la
741 1060 863 1140 Sra
863 1055 1138 1162 Hieronyma

356 1172 434 1247 dit
447 1180 524 1247 dia
545 1156 724 1242 rebere
732 1172 790 1245 de
814 1148 1117 1266 Montserrat
1140 1156 1330 1234 Corbera
1335 1167 1492 1282 pages
1491 1161 1550 1242 de
1546 1143 1854 1239 Vallromanes
1859 1153 1961 1258 fill

356 1273 420 1335 de
413 1259 565 1364 Juan
586 1257 774 1338 Corbera
781 1273 941 1378 pages
926 1286 985 1359 y
995 1273 1056 1341 de
1050 1257 1284 1364 francina
1288 1259 1500 1362 defuncts
1497 1249 1569 1335 ab
1578 1241 1860 1357 Magdalena
1862 1257 1961 1346 don=

340 1369 475 1460 sella
474 1358 615 1463 filla
641 1363 700 1433 de
751 1366 782 1433 t
885 1345 1043 1431 Munt
1022 1385 1095 1452 y
1110 1353 1169 1433 de
1217 1361 1256 1433 t

342 1464 426 1532 Dit
444 1454 530 1532 dia
532 1440 703 1529 rebere
704 1459 771 1529 de
767 1451 916 1545 Juan
924 1425 1089 1561 Roger
1107 1446 1369 1521 treballador
1376 1443 1459 1518 del
1461 1454 1596 1545 regne
1606 1440 1662 1511 de
1650 1427 1846 1548 frança
1850 1425 1991 1505 habi=

359 1560 469 1630 tant
479 1568 543 1619 en
562 1515 727 1649 Bara
721 1536 790 1619 ab
795 1544 1051 1625 Catherina
1063 1544 1218 1619 viuda
1242 1547 1308 1614 de
1382 1536 1435 1611 t
1472 1515 1687 1652 Roquer

351 1637 508 1707 Dilluns
515 1661 552 1699 a
567 1653 615 1715 4
630 1634 782 1707 rebere
789 1648 834 1710 de
858 1634 1040 1731 Guillem
1061 1608 1155 1707 Bo
1162 1634 1270 1705 oller
1275 1637 1347 1707 del
1349 1651 1470 1731 regne
1480 1645 1539 1707 de
1535 1634 1714 1723 frança
1713 1621 1931 1689 habitant
1927 1643 1975 1691 en

362 1704 516 1811 Bara
515 1714 587 1795 ab
595 1709 867 1830 Hieronyma
877 1728 1048 1819 dosella
1047 1725 1174 1811 filla
1187 1733 1251 1800 de
1258 1714 1369 1795 Pere
1351 1730 1468 1822 Jua
1483 1720 1624 1822 Blay
1626 1733 1846 1811 negociant
1839 1746 1893 1822 y
1886 1720 1956 1795 de

356 1805 587 1915 Elisabeth

337 1911 426 1981 Dit
425 1911 499 1978 dia
512 1892 653 1976 rebere
657 1911 708 1970 de
704 1895 831 2000 Jua
833 1898 971 1992 Cases
987 1911 1174 1994 traginer
1176 1895 1256 1957 del
1269 1895 1407 1984 regne
1412 1895 1473 1957 de
1475 1882 1657 1978 frança
1669 1876 1887 1957 habitant
1900 1903 1988 1962 en

359 1983 530 2090 Bara
545 1977 623 2069 ab
630 1991 913 2101 Margarida
921 1999 1136 2096 donsella
1132 1977 1284 2080 filla
1302 1991 1358 2058 de
1354 1969 1484 2077 Jua
1483 1977 1613 2061 Vidal
1612 1985 1766 2090 pages
1763 1996 1818 2061 de
1831 1964 1999 2061 Ribes

348 2121 409 2194 #
413 2095 601 2194 defunct
597 2118 653 2194 y
644 2103 700 2167 de
721 2097 966 2199 Speransa

348 2187 519 2252 Dimars
526 2209 568 2250 a
589 2193 631 2255 5
649 2177 809 2263 donare
822 2185 1012 2255 llicentia
1009 2198 1182 2281 gratis
1190 2209 1229 2244 a
1236 2158 1424 2276 Raphel
1436 2166 1679 2247 Clariana
1686 2182 1893 2284 parayre
1900 2177 1964 2244 de

337 2275 628 2383 Tarragona
652 2265 875 2345 habitant
880 2296 947 2348 en
965 2262 1125 2375 Bara
1110 2270 1232 2367 fill
1225 2283 1284 2351 de
1294 2257 1542 2367 Hieronym
1562 2270 1805 2348 Clariana
1815 2270 1980 2375 daguer

334 2392 401 2462 y
408 2382 467 2441 de
490 2360 719 2473 Elisabeth
732 2366 804 2444 ab
811 2357 1001 2473 Angela
1017 2376 1169 2439 viuda
1179 2368 1240 2439 de
1247 2363 1426 2481 Gaspar
1431 2360 1629 2446 Torrent
1623 2382 1775 2484 pages

348 2459 428 2539 Dit
427 2469 524 2539 dia
542 2456 711 2539 rebere
710 2477 768 2545 de
778 2443 979 2542 Bernat
992 2469 1254 2569 Caramany
1261 2461 1385 2545 boter
1387 2475 1451 2545 de
1464 2459 1657 2542 Mataro
1650 2464 1772 2561 fill
1782 2467 1849 2545 de
1848 2456 1967 2539 Nar=

353 2565 428 2635 cis
449 2560 713 2656 Caramany
721 2560 842 2638 boter
830 2589 889 2662 y
896 2581 955 2638 de
965 2562 1147 2675 Antiga
1165 2568 1363 2651 defuncta
1387 2554 1465 2635 ab
1483 2552 1772 2667 Margarida
1785 2565 1986 2670 donsella

345 2653 478 2750 filla
487 2669 543 2731 de
551 2642 746 2739 Antoni
765 2655 938 2774 Major
946 2666 1053 2742 boter
1063 2669 1125 2739 de
1143 2661 1350 2739 Mataro
1343 2687 1410 2752 y
1406 2669 1459 2739 de
1477 2650 1761 2771 Margarida
1779 2661 2002 2763 defuncts

340 2743 560 2835 Dimecres
570 2786 618 2832 a
633 2751 694 2832 6
685 2754 848 2837 rebere
861 2773 927 2845 de
926 2770 1106 2877 jaume
1094 2762 1306 2872 faneca
1316 2778 1473 2872 mestre
1483 2770 1550 2843 de
1552 2767 1687 2866 cases
1667 2759 1786 2872 fill
1798 2775 1854 2848 de
1848 2751 1997 2880 jaue

326 2852 533 2957 faneca
548 2884 757 2936 carrater
773 2865 834 2946 de
847 2860 1043 2965 Solsona
1031 2892 1092 2962 y
1099 2879 1155 2944 de
1173 2847 1372 2962 Angela
1395 2858 1476 2936 ab
1486 2855 1676 2941 Maria
1678 2868 1931 2970 donsella

328 2950 497 3050 filla
498 2961 560 3036 de
564 2940 708 3036 Pere
721 2940 930 3042 Torrent
926 2980 1075 3084 pages
1091 2977 1147 3044 de
1159 2956 1413 3036 Martorell
1395 2977 1459 3058 y
1464 2964 1533 3044 de
1541 2943 1701 3039 Anna
1711 2969 1939 3066 defuncta
