2690 3794
322 520 667 782 Pro
629 709 689 776 al
714 674 812 797 pr
827 692 878 762 de
900 687 995 762 dits
1018 707 1121 765 mes
1133 714 1202 788 y
1225 716 1313 786 any
1333 677 1510 760 rebere
1531 685 1582 760 de
1607 683 1689 767 las
1690 676 2004 797 sposallas

461 820 525 888 de
564 791 750 884 Antoni
794 789 1008 882 Colomer
1020 802 1330 923 assaunador
1344 798 1417 867 de
1440 772 1624 893 Bara
1622 796 1745 901 fill
1768 802 1832 873 de
1868 791 2017 921 Genis

461 917 671 1004 Colomer
683 940 832 1047 pages
850 931 915 1006 de
924 917 1149 1042 Vilassar
1140 953 1219 1025 y
1237 920 1301 993 de
1329 890 1508 1032 Antiga
1544 907 1619 984 ab
1651 890 1986 1012 Hieronyma

453 1042 682 1154 donsella
694 1033 838 1147 filla
857 1035 919 1116 de
959 1037 1134 1138 Onofre
1172 1014 1351 1153 Esquer
1372 1031 1595 1114 morraler
1614 1031 1693 1106 de
1712 987 1897 1134 Bara
1898 1046 1980 1132 y

459 1168 510 1242 de
555 1140 763 1240 Eularia

432 1255 545 1360 Dit
565 1260 658 1348 dia
687 1265 862 1353 rebere
894 1277 951 1348 de
936 1246 1083 1383 Jua
1091 1253 1299 1369 forners
1317 1246 1496 1330 texidor
1511 1253 1566 1325 de
1584 1251 1726 1320 llana
1744 1251 1813 1322 de
1816 1223 1970 1325 Vila=

427 1385 646 1494 franca
680 1371 904 1451 habitant
929 1404 993 1451 en
1023 1347 1198 1475 Bara
1199 1373 1350 1447 viudo
1375 1366 1458 1440 ab
1474 1335 1634 1447 Paula
1657 1345 1798 1435 Mas
1831 1347 2050 1461 donsella

432 1479 583 1592 filla
614 1497 672 1562 de
692 1455 813 1555 Pere
849 1462 982 1557 Mas
1002 1495 1158 1602 pages
1190 1486 1249 1555 de
1269 1450 1454 1585 Berga
1488 1462 1648 1588 bisbat
1664 1481 1719 1541 de
1737 1458 1888 1581 Urgell
1915 1464 1994 1541 de=

432 1596 613 1705 funct
607 1624 688 1710 y
704 1606 763 1679 de
776 1577 979 1679 Paula

424 1697 681 1811 Dimars
699 1763 742 1804 a
762 1734 822 1801 2
861 1706 1040 1799 rebere
1063 1725 1122 1789 de
1136 1676 1273 1787 Pere
1286 1697 1526 1813 fabregas
1542 1716 1764 1773 tavarner
1777 1697 1918 1769 viudo
1931 1697 2005 1771 de

457 1815 658 1940 Bara
669 1845 733 1907 ab
753 1829 932 1945 Antiga
943 1835 1163 1940 donsella
1166 1829 1308 1933 filla
1340 1833 1404 1900 de
1403 1782 1552 1891 Pere
1579 1810 1735 1897 Llores
1739 1812 1928 1926 fuster
1945 1805 2005 1879 de

455 1944 681 2029 Mataro
708 1958 904 2050 defunct
896 1979 965 2045 y
978 1950 1038 2024 de
1075 1934 1357 2041 Margarida

417 2040 543 2137 Dit
563 2061 649 2132 dia
669 2042 827 2128 rebere
847 2066 904 2132 de
922 2035 1132 2174 Raphel
1140 2054 1303 2165 Joani
1324 2052 1484 2118 texidor
1495 2042 1555 2107 de
1572 2028 1634 2102 lli
1647 2027 1706 2105 de
1710 2016 1903 2129 Vilassar
1899 2021 2026 2128 fill

457 2178 512 2243 de
535 2153 735 2264 Miquel
737 2164 886 2266 Joani
903 2173 1071 2233 texidor
1082 2171 1132 2229 de
1147 2162 1207 2222 lli
1197 2183 1252 2250 y
1262 2167 1318 2226 de
1345 2141 1536 2222 Violant
1570 2148 1641 2212 ab
1659 2145 1878 2243 Sperensa
1901 2131 2066 2231 dosella

443 2270 583 2367 filla
612 2274 665 2334 de
701 2270 906 2377 Sebastia
929 2265 1076 2372 Garau
1098 2244 1209 2334 Pere
1230 2249 1374 2336 Boter
1389 2268 1437 2325 de
1453 2260 1541 2325 dita
1547 2244 1780 2360 parrochia
1772 2279 1834 2344 y
1849 2244 1902 2311 de
1938 2249 2021 2306 t

456 2369 548 2451 dit
572 2381 654 2441 dia
673 2371 814 2443 rebere
833 2387 883 2441 de
905 2371 1028 2467 Luys
1041 2349 1247 2464 Burgues
1268 2361 1446 2433 llibrater
1469 2363 1521 2427 de
1535 2337 1704 2454 Bara
1693 2355 1804 2441 fill
1825 2355 1875 2415 de
1878 2335 2017 2451 Jua

452 2460 670 2581 Burgues
701 2477 897 2547 llibrater
878 2513 944 2573 y
958 2489 1019 2553 de
1039 2467 1229 2593 Angela
1256 2469 1485 2577 defuncts
1502 2469 1574 2533 ab
1569 2453 1710 2537 Anna
1731 2466 1879 2528 viuda
1904 2456 2001 2524 de

443 2582 560 2697 Jua
586 2558 778 2691 Basili
783 2585 958 2683 sastre
986 2592 1044 2656 de
1071 2572 1237 2681 Bara
1246 2597 1365 2649 mori
1390 2609 1450 2648 en
1471 2548 1653 2667 Bara

452 2694 548 2774 dit
569 2700 654 2770 dia
673 2696 820 2772 rebere
834 2710 889 2770 de
892 2694 1011 2799 Jua
1021 2674 1137 2776 Pau
1161 2698 1306 2770 Clos
1311 2700 1474 2801 daguer
1490 2700 1541 2764 de
1543 2686 1753 2789 frança
1774 2666 1976 2748 habitant
1987 2710 2047 2750 en

462 2796 721 2878 Vilarodona
748 2806 828 2874 ab
844 2796 1060 2894 Elisabeth
1075 2806 1229 2870 viuda
1252 2804 1322 2868 de
1327 2798 1619 2907 Montserrat
1646 2795 1860 2896 Senauja
1868 2804 2025 2902 pages

458 2906 515 2975 de
533 2909 640 2977 dita
657 2911 788 2977 vila

430 3000 700 3097 Dimecres
707 3041 746 3075 a
769 3003 821 3080 3
833 2989 1004 3072 rebere
1028 3001 1076 3067 de
1083 2978 1202 3089 Jua
1214 2983 1352 3061 Crich
1365 2994 1424 3058 de
1428 2973 1632 3087 frança
1661 2959 1871 3050 habitant
1883 3008 1934 3047 en
1947 2975 2049 3078 Spa=

458 3129 653 3214 raguera
702 3104 777 3171 ab
800 3093 1075 3190 Maryanna
1096 3098 1281 3201 dosella
1283 3088 1418 3182 filla
1436 3096 1492 3160 de
1494 3079 1607 3187 Jua
1623 3071 1758 3154 Valta
1777 3079 1958 3152 texidor
1974 3085 2035 3146 de

455 3194 590 3272 llana
611 3208 678 3264 de
663 3197 853 3291 frança
880 3189 1084 3270 habitant
1096 3225 1152 3270 en
1170 3200 1443 3305 Sparaguera
1428 3222 1498 3286 y
1505 3197 1561 3259 de
1576 3178 1824 3253 Catherina

447 3290 538 3368 dit
548 3301 628 3368 dia
652 3296 812 3368 rebere
825 3310 873 3371 de
902 3280 1021 3366 Pere
1042 3274 1248 3387 Renyolet
1258 3304 1396 3407 pages
1403 3304 1473 3368 de
1483 3266 1654 3385 Bara
1650 3282 1788 3356 viudo
1798 3280 1873 3349 ab
1878 3249 2060 3346 Eleonor

463 3392 645 3500 donsella
652 3395 790 3481 filla
806 3403 864 3453 de
888 3367 1001 3459 Pere
1022 3373 1196 3483 Bernoy
1206 3397 1462 3497 assaunador
1483 3397 1544 3459 de
1562 3365 1733 3478 Bara
1708 3417 1766 3473 y
1777 3397 1832 3453 de
1848 3376 2041 3481 Magda=

460 3482 568 3560 lena
608 3463 848 3579 defuncts
