2690 3794
334 310 533 415 Dissapte
537 337 582 380 a
597 318 678 396 23
693 294 842 378 rebere
844 313 903 383 de
904 302 1067 383 Antoni
1083 308 1254 383 Moner
1258 329 1402 417 pages
1414 318 1473 386 de
1491 318 1659 391 Orrius
1667 313 1813 388 viudo
1826 300 1903 383 ab
1902 313 1967 388 #=

362 406 661 513 Margarida
677 408 831 479 viuda
841 406 911 473 de
910 393 1029 505 Jua
1033 393 1171 476 Cuch
1173 422 1311 513 pages
1324 414 1388 479 de
1403 403 1596 492 Canoves

353 509 439 571 Dit
447 509 522 571 dia
518 493 667 566 rebere
669 509 724 571 de
729 501 894 595 jaume
902 488 1078 571 Nadal
1072 509 1210 606 pages
1217 504 1281 566 de
1288 486 1454 569 Tiana
1467 499 1596 564 viudo
1604 480 1679 564 ab
1686 480 1961 579 Maryanna

362 597 511 667 viuda
523 592 584 664 de
595 563 867 667 Barthomeu
877 581 1007 662 Sora
1028 605 1160 694 pages
1168 597 1226 662 de
1236 576 1298 659 la
1324 565 1495 651 Rocha

351 671 549 778 Diumege
564 698 601 744 a
619 693 705 762 24
732 674 881 754 rebere
893 690 947 752 de
935 682 1095 794 Juan
1099 669 1289 789 Dequer
1297 701 1440 789 pages
1442 677 1533 744 del
1530 693 1659 770 regne
1667 677 1733 744 de
1724 669 1945 762 frança

364 769 590 853 habitant
595 791 658 842 en
685 745 837 863 Bara
847 761 922 853 ab
937 764 1215 877 Hieronyma
1244 772 1437 882 dosella
1423 761 1577 879 filla
1584 769 1648 847 de
1637 769 1788 877 Juan
1807 745 1956 869 Basi

370 886 513 980 pages
507 878 571 940 de
585 855 670 941 St
662 863 849 941 Sadorni
846 890 903 961 y
915 871 982 944 de
998 857 1172 941 Anna
1188 869 1405 969 defuncta

359 963 527 1031 Dilluns
532 984 573 1025 a
586 968 672 1033 25
682 950 840 1031 rebere
847 968 894 1025 de
910 968 1073 1025 Antoni
1083 950 1221 1033 Valls
1225 974 1369 1062 pages
1371 963 1426 1025 de
1436 937 1514 1022 St
1522 936 1672 1024 Vicens
1679 953 1744 1019 de
1763 940 2021 1025 Llevaneres

359 1056 486 1124 viudo
512 1048 584 1118 ab
595 1043 903 1147 Maryangela
915 1051 1064 1124 viuda
1072 1059 1133 1118 de
1127 1046 1372 1153 francesch
1398 1038 1610 1118 Modolell
1609 1059 1742 1150 pages
1754 1046 1813 1110 de
1812 1046 1978 1113 Sarria

350 1145 424 1213 Dit
431 1146 502 1207 dia
514 1146 655 1219 rebere
671 1152 719 1213 de
734 1138 917 1239 Guillem
931 1128 1132 1231 Masnou
1130 1154 1259 1243 pages
1273 1147 1325 1208 de
1340 1138 1594 1246 Collsabadell
1595 1157 1721 1212 viudo
1737 1145 1804 1215 ab
1783 1145 1979 1245 Juana

358 1238 511 1303 viuda
533 1238 586 1303 de
650 1244 700 1303 t
759 1223 887 1300 Mas
898 1246 1032 1333 pages
1048 1233 1097 1297 de
1112 1226 1366 1329 Argentona

355 1325 431 1393 Dit
441 1326 516 1391 dia
531 1317 686 1396 rebere
699 1330 752 1395 de
749 1307 880 1395 Pere
900 1318 1132 1399 Lacumba
1144 1325 1347 1433 pastisser
1357 1324 1438 1393 del
1434 1344 1578 1434 regne
1595 1329 1645 1393 de
1633 1324 1821 1426 frança
1841 1300 2017 1395 habitat

364 1439 422 1483 en
438 1394 575 1509 Bara
578 1421 649 1490 ab
661 1412 830 1486 Maria
836 1417 1028 1516 donsella
1032 1421 1165 1520 filla
1193 1424 1243 1485 de
1256 1397 1368 1483 Pere
1379 1410 1547 1516 Davesa
1553 1427 1750 1532 pastisser
1763 1421 1826 1490 de
1829 1399 1984 1513 Bara

329 1536 398 1615 y
409 1519 462 1586 de
476 1523 552 1584 t
593 1512 816 1605 defuncta

343 1603 529 1688 Dimars
544 1626 603 1674 a
605 1614 700 1680 26
708 1603 862 1677 rebere
878 1606 925 1679 de
924 1587 1036 1703 Jua
1046 1577 1299 1702 Passanant
1308 1602 1421 1702 jove
1400 1592 1614 1695 sabater
1625 1593 1700 1662 del
1702 1607 1833 1698 regne
1850 1598 1930 1666 de

343 1706 536 1801 frança
563 1701 784 1775 habitant
802 1729 858 1776 en
867 1686 1037 1789 Bara
1039 1695 1113 1770 ab
1126 1691 1385 1797 Margarida
1402 1690 1595 1786 donsella
1594 1695 1746 1782 filla
1765 1699 1823 1757 de
1820 1661 1956 1784 Jua

351 1772 635 1901 Benavaja
647 1821 789 1910 pages
811 1808 872 1878 de
889 1800 1061 1877 Saldes
1077 1789 1225 1904 bisbat
1239 1798 1292 1871 de
1298 1786 1444 1891 Urgell
1447 1813 1502 1900 y
1510 1788 1578 1855 de
1612 1788 1690 1850 t
1724 1781 1959 1882 defuncta

341 1893 536 1969 Dimecres
557 1919 607 1969 a
610 1909 712 1970 27
724 1890 872 1965 rebere
876 1911 927 1971 de
947 1900 1092 1997 Esteva
1117 1903 1249 1984 Comes
1265 1914 1422 1999 marser
1436 1903 1491 1970 de
1506 1873 1642 1982 Bara
1634 1885 1741 1977 fill
1751 1893 1801 1954 de
1817 1888 1976 1980 Onofre

360 1994 494 2058 Comes
514 1998 679 2083 marser
692 1995 747 2056 de
766 1963 914 2075 Bara
893 2014 960 2083 y
979 2005 1036 2068 de
1027 1995 1207 2091 Juana
1244 1992 1325 2067 ab
1336 1983 1495 2067 Anna
1513 1995 1696 2096 donsella
1690 1991 1830 2080 filla
1846 1984 1935 2052 de

345 2074 459 2181 Jua
477 2078 631 2170 Canyet
619 2081 828 2185 sabater
847 2093 906 2151 de
914 2059 1072 2190 Bara
1063 2112 1124 2185 y
1140 2093 1200 2159 de
1210 2081 1487 2179 Hieronyma
1508 2082 1748 2173 defuncta

352 2170 431 2233 Dit
444 2172 513 2237 dia
521 2167 658 2243 rebere
682 2178 728 2242 de
723 2170 837 2269 Jua
855 2163 1036 2244 Benell
1045 2189 1240 2282 calsater
1255 2185 1304 2248 de
1311 2186 1456 2277 agulla
1478 2185 1546 2252 del
1551 2197 1679 2272 regne
1693 2184 1749 2248 de
1737 2182 1948 2272 frança

347 2261 559 2335 habitant
570 2292 625 2338 en
634 2241 787 2368 Bara
793 2276 855 2343 ab
869 2264 1144 2372 Magdalena
1164 2276 1352 2372 donsella
1345 2271 1504 2368 filla
1524 2279 1578 2349 de
1588 2255 1707 2346 Pere
1721 2255 1888 2379 Phelip
1884 2300 2008 2390 pa=

312 2375 421 2472 ges
438 2371 492 2437 de
498 2368 718 2457 Serdanya
734 2370 886 2478 bisbat
899 2384 955 2442 de
954 2368 1093 2479 Urgell
1082 2402 1145 2471 y
1154 2379 1208 2448 de
1217 2365 1462 2446 Catherina
1483 2370 1715 2484 defuncts

329 2452 411 2517 Dit
418 2459 485 2518 dia
494 2455 627 2527 rebere
636 2469 683 2530 de
675 2469 854 2563 Jaume
869 2462 1036 2566 Spinos
1039 2488 1162 2572 pages
1181 2478 1236 2544 de
1239 2463 1484 2541 Viladecans
1494 2474 1640 2540 viudo
1671 2469 1750 2539 ab
1756 2463 2029 2562 Magdalena

340 2551 511 2655 dosella
518 2551 652 2646 filla
682 2559 729 2624 de
746 2545 1033 2653 Montserrat
1046 2557 1225 2630 Colomer
1225 2573 1359 2666 pages
1371 2565 1559 2653 defunct
1560 2588 1616 2668 y
1620 2566 1675 2631 de
1700 2545 1987 2654 Eufrahina

324 2641 462 2733 Dijous
476 2669 508 2709 a
514 2657 635 2714 28
636 2644 781 2711 rebere
793 2653 842 2718 de
837 2648 1078 2745 francesch
1102 2650 1158 2727 de
1179 2652 1490 2761 Masdovelles
1499 2656 1659 2757 donsell
1676 2661 1840 2725 ciuteda
1864 2661 1946 2725 de

343 2721 498 2825 Bara
511 2737 583 2805 ab
610 2737 766 2807 Cecilia
790 2730 1099 2836 Massaguera
1101 2747 1239 2834 filla
1258 2748 1311 2818 de
1325 2744 1521 2811 Mathia
1546 2744 1802 2836 Massaguer
1817 2751 1951 2847 nego=

355 2846 484 2898 ciant
505 2840 559 2898 de
571 2809 725 2931 Bara
710 2861 775 2932 y
791 2837 855 2905 de
875 2812 1067 2909 Elienor
1071 2837 1281 2928 defuncts

331 2909 411 2981 Dit
417 2917 487 2985 dia
500 2917 631 2982 rebere
650 2932 700 2991 de
712 2921 779 2997 mr
770 2924 1026 3023 francesch
1031 2936 1163 2996 Serra
1175 2928 1364 3020 botiguer
1372 2935 1421 3001 de
1430 2930 1540 2993 telas
1535 2926 1654 3012 fill
1668 2928 1722 2986 de
1738 2920 1956 3017 Sebastia

360 3007 497 3076 Serra
512 3019 729 3112 negociant
746 3022 801 3083 de
808 3007 884 3084 St
867 3014 1019 3109 feliu
1038 3021 1096 3087 de
1103 3006 1311 3119 Guixols
1321 3019 1462 3117 bisbat
1468 3022 1528 3083 de
1541 3009 1704 3109 Girona
1696 3042 1763 3114 y
1768 3018 1829 3083 de
1842 3002 1990 3109 Elisa=

352 3105 449 3182 beth
480 3109 559 3184 ab
571 3097 873 3213 Magdalena
892 3105 1086 3209 donsella
1081 3110 1221 3205 filla
1239 3118 1298 3178 de
1315 3098 1587 3208 Montserrat
1602 3103 1816 3175 Vilanova
1824 3109 1960 3209 peller

350 3217 407 3278 de
420 3197 683 3309 Tarragona
694 3229 756 3300 y
770 3207 826 3270 de
839 3188 1007 3274 Paula
1028 3197 1253 3296 defuncts
