2690 3794
314 306 549 423 Dissapte
562 339 599 381 a
618 332 675 395 13
688 306 828 381 rebere
847 322 902 376 de
906 304 1001 385 mr
999 302 1164 378 Antoni
1147 306 1312 403 ferrer
1319 330 1425 397 nots
1428 312 1535 376 real
1542 314 1601 374 de
1606 283 1759 386 Bara
1754 302 1883 370 viudo
1894 298 1967 364 ab

378 424 529 495 Maria
546 416 742 501 donsella
761 402 866 501 filla
877 404 940 466 de
947 395 1035 466 mr
1033 400 1184 462 Antoni
1197 380 1387 476 Maymo
1397 392 1547 450 notari
1546 386 1649 452 real
1646 410 1697 483 y
1696 390 1773 456 de
1784 385 1893 450 dona
1896 377 2021 468 Fran=

378 508 487 605 cisca
508 498 697 598 Maymo
703 517 754 589 y
759 494 822 557 de
835 473 1022 573 Velasco
1051 478 1256 571 defuncta

362 601 435 661 Dit
444 599 513 651 dia
516 586 647 651 rebere
659 594 710 651 de
723 580 884 681 Gabriel
897 551 1036 634 Prats
1059 564 1256 663 blanquer
1261 562 1322 632 de
1333 533 1489 642 Bara
1486 551 1585 636 #
1598 533 1789 610 habitant
1798 566 1857 606 en
1848 531 2035 606 Valetia

360 677 455 770 fill
466 680 517 737 de
536 666 724 765 Guillem
727 648 866 735 Prats
867 664 1014 757 sastre
1017 685 1070 743 y
1079 656 1130 724 de
1147 646 1425 751 Margarida
1450 638 1521 698 ab
1524 619 1663 702 Elena
1666 627 1849 727 donsella
1856 629 1987 727 filla

374 779 425 843 de
444 767 704 864 Montserrat
723 754 914 833 Solanes
927 752 1146 853 blanquer
1159 748 1218 817 de
1217 738 1435 812 Valentia
1436 764 1499 843 y
1506 733 1559 800 de
1576 721 1857 827 Margarida
1868 705 2041 817 defucts

340 849 447 940 Dit
454 876 524 932 dia
532 859 664 925 rebere
668 859 728 918 de
742 840 913 918 Antoni
920 840 1002 913 Del
1004 823 1121 940 Peig
1125 864 1308 937 parayre
1317 844 1404 908 del
1394 857 1520 932 regne
1534 840 1585 901 de
1576 828 1745 920 frança
1756 811 1979 891 habitant

380 972 435 1019 en
456 953 647 1019 Sabadell
658 946 736 1012 ab
740 921 960 1012 Antonia
962 939 1128 1009 viuda
1137 946 1195 1004 de
1204 934 1382 1043 Guinot
1394 931 1589 992 Amoros
1588 929 1755 1033 mestre
1778 921 1829 985 de
1835 912 1977 1012 cases

377 1059 435 1120 de
441 1049 644 1115 Sabadell

367 1129 578 1219 Diumenge
592 1152 630 1183 a
656 1141 718 1194 14
732 1112 879 1176 rebere
888 1116 933 1171 de
937 1102 1143 1197 domingo
1142 1073 1340 1161 Brondo
1342 1107 1471 1194 pages
1475 1093 1550 1156 del
1559 1068 1720 1178 Regne
1727 1075 1794 1144 de
1781 1066 1982 1161 frança

380 1213 585 1284 habitant
594 1230 659 1279 en
668 1191 827 1291 Bara
826 1206 960 1264 viudo
962 1191 1039 1264 ab
1048 1189 1318 1284 Maryanna
1332 1177 1545 1274 donsella
1529 1177 1661 1276 filla
1672 1179 1730 1240 de
1734 1165 1836 1269 Joa
1813 1157 2046 1264 farreres

382 1326 590 1414 parayre
609 1302 664 1368 de
681 1295 918 1397 Terrassa
912 1319 973 1385 y
977 1295 1034 1361 de
1048 1278 1333 1382 Maryanna
1342 1270 1570 1373 defuncts

370 1393 445 1464 Dit
454 1396 516 1455 dia
524 1383 659 1449 rebere
671 1394 724 1454 de
719 1392 849 1476 Joan
858 1370 1044 1480 Pujades
1059 1392 1248 1480 adroguer
1256 1387 1313 1448 de
1324 1359 1472 1465 Bara
1462 1376 1589 1439 viudo
1601 1361 1683 1434 ab
1689 1357 1972 1460 Hieronyma

371 1488 549 1577 donsella
555 1479 682 1570 filla
692 1479 749 1544 de
759 1470 941 1539 Simeon
961 1468 1051 1546 Ux
1061 1494 1195 1572 pages
1189 1481 1248 1537 de
1250 1453 1331 1533 St
1321 1470 1457 1572 Genis
1476 1470 1526 1531 de
1543 1448 1701 1528 Horta
1689 1484 1743 1541 y
1763 1453 1815 1520 de
1827 1440 2017 1561 Antiga

374 1567 576 1666 defuncts

365 1665 540 1725 Dimars
555 1676 590 1718 a
613 1650 672 1710 16
671 1641 805 1710 rebere
819 1650 872 1710 de
880 1630 1049 1707 Antich
1066 1637 1208 1706 Oriach
1225 1637 1387 1725 botiguer
1393 1639 1448 1695 de
1458 1628 1575 1734 draps
1586 1634 1638 1695 de
1646 1610 1714 1688 St
1689 1621 1840 1723 Julia
1861 1626 1911 1681 de
1924 1623 1985 1681 Al=

385 1759 482 1810 tura
490 1728 682 1808 habitant
692 1761 746 1804 en
766 1722 1004 1834 Granollers
1008 1731 1114 1824 fill
1124 1737 1177 1793 de
1200 1728 1360 1795 Antich
1377 1715 1524 1786 Oriach
1527 1735 1663 1824 pages
1675 1715 1849 1806 defunct
1841 1733 1902 1806 y
1919 1700 1983 1767 de

387 1827 704 1931 Maryangela
737 1835 798 1897 ab
819 1818 979 1896 Maria
1003 1823 1188 1922 donsella
1184 1827 1300 1915 filla
1310 1823 1365 1889 de
1371 1794 1472 1887 Pau
1485 1809 1616 1880 Viver
1608 1812 1772 1902 ferrer
1785 1803 1840 1869 de
1857 1790 1990 1902 Grano=

383 1932 491 2003 llers
515 1925 699 2018 defunct
678 1958 740 2018 y
754 1925 814 1992 de
837 1923 892 1992 t

362 2021 565 2086 Dimecres
584 2041 623 2079 a
636 2025 699 2083 17
710 2002 843 2072 rebere
855 2013 910 2071 de
920 1982 1094 2072 Antoni
1106 1978 1264 2064 Hilla
1268 1984 1416 2083 mestre
1417 1984 1470 2051 de
1476 1991 1593 2079 cases
1601 1984 1663 2049 de
1659 1971 1867 2077 Terrassa
1866 1969 1976 2064 fill

369 2111 422 2175 de
441 2100 601 2206 Giralt
622 2087 767 2166 Hilla
779 2098 923 2184 mestre
936 2096 989 2158 de
996 2096 1116 2193 cases
1104 2113 1170 2180 y
1178 2093 1226 2151 de
1245 2067 1436 2144 Antonia
1453 2065 1660 2158 defuncts
1678 2070 1748 2129 ab
1749 2070 1983 2173 Speransa

371 2196 563 2293 donsella
562 2192 695 2289 filla
710 2194 762 2258 de
754 2185 894 2291 Joan
914 2192 1100 2258 Sabater
1104 2200 1242 2300 pages
1261 2185 1311 2243 de
1321 2165 1515 2273 Terrassa
1534 2161 1676 2265 defuct
1671 2192 1728 2254 y
1742 2168 1795 2230 de
1810 2137 2030 2228 Eularia

360 2283 442 2350 Dit
450 2286 513 2339 dia
524 2277 657 2346 rebere
663 2297 709 2344 de
719 2268 892 2348 Bernat
875 2260 1109 2387 Pampinya
1104 2288 1248 2368 sastre
1256 2283 1311 2350 de
1317 2271 1562 2381 Granollers
1568 2260 1667 2357 fill
1671 2266 1728 2328 de
1742 2268 1885 2326 Antoni
1890 2249 1949 2317 #

360 2351 574 2468 Pampinya
562 2382 709 2468 sastre
705 2397 755 2455 y
770 2375 820 2437 de
831 2360 1015 2437 Eleonor
1037 2371 1096 2431 ab
1099 2356 1280 2464 Antiga
1292 2367 1432 2431 viuda
1442 2367 1497 2429 de
1487 2358 1609 2462 Jua
1617 2343 1790 2418 Antich
1794 2329 1994 2418 Alavall

369 2489 574 2573 argenter
586 2476 641 2536 de
651 2465 744 2529 dita
759 2458 883 2529 vila

360 2568 509 2634 #
501 2548 715 2628 Divendres
730 2583 767 2619 a
774 2572 834 2641 19
842 2544 1009 2617 rebere
1005 2548 1058 2612 de
1073 2530 1253 2610 Antich
1268 2518 1418 2599 Riera
1406 2533 1569 2630 sastre
1570 2528 1687 2619 fill
1686 2530 1748 2586 de
1749 2511 1855 2597 Pere
1841 2518 1981 2628 Jua

367 2620 529 2700 Riera
524 2646 706 2730 ferrer
716 2648 773 2713 de
788 2627 872 2706 St
869 2611 1042 2735 Esteva
1050 2640 1109 2702 de
1120 2627 1336 2733 Castellar
1319 2657 1387 2728 y
1393 2640 1445 2702 de
1471 2611 1687 2724 Elisabeth
1695 2625 1916 2720 defuncts
1917 2622 1992 2691 ab

378 2712 686 2827 Margarida
685 2727 863 2798 viuda
875 2738 941 2798 de
954 2699 1069 2794 Pau
1091 2708 1269 2796 Riera
1270 2729 1488 2829 polvorer

365 2817 458 2896 Dit
477 2819 567 2888 dia
573 2812 731 2890 rebere
745 2826 800 2884 de
813 2793 1033 2884 Bernat
1043 2810 1188 2890 Sala
1194 2843 1389 2925 parayre
1404 2806 1488 2884 del
1491 2823 1638 2914 regne
1653 2801 1708 2868 de
1709 2795 1891 2894 frança
1904 2793 1981 2862 ha=

380 2902 536 2982 bitant
546 2930 617 2982 en
634 2909 843 2975 Sabadell
866 2906 937 2984 ab
934 2893 1163 2980 Antonia
1178 2909 1383 2993 donsella
1397 2898 1486 2969 del
1474 2920 1616 3010 regne
1628 2904 1687 2964 de
1680 2898 1864 2993 frança
1888 2874 1963 2962 ha=

378 2994 527 3069 bitant
538 2991 719 3068 tambe
724 3016 812 3074 en
836 2995 1078 3060 Sabadell

356 3077 435 3150 Dit
443 3090 516 3150 dia
524 3079 655 3148 rebere
665 3090 715 3146 de
723 3084 890 3181 Gabriel
916 3075 1053 3148 Miret
1062 3075 1208 3173 burges
1214 3077 1269 3137 de
1268 3068 1517 3159 Vilafranca
1532 3068 1589 3135 de
1599 3042 1835 3128 Panaders
1827 3068 1932 3143 fill
1928 3070 1985 3128 de

360 3162 552 3257 Miquel
566 3160 717 3233 Miret
730 3153 873 3254 burges
869 3197 928 3250 y
938 3173 997 3235 de
1010 3158 1203 3266 Elisabeth
1227 3158 1410 3242 defuncts
1433 3149 1504 3216 ab
1507 3140 1788 3250 Magdalena
1792 3156 2001 3235 donsella

360 3254 478 3336 filla
504 3263 556 3325 de
573 3230 865 3325 Barthomeu
889 3228 1042 3318 Riera
1050 3234 1244 3342 mercr
1225 3274 1288 3336 y
1297 3248 1358 3307 de
1371 3219 1573 3310 Eularia
