2690 3794
403 299 576 372 Dilluns
589 329 618 360 a
645 311 694 364 15
711 291 860 365 rebere
875 311 918 360 de
917 297 1144 395 francesch
1165 291 1350 403 Llampis
1349 299 1522 391 ferrer
1533 305 1596 362 de
1595 272 1754 381 Bara
1757 287 1870 373 fill
1882 289 1962 352 de

397 382 630 487 francesch
657 382 826 485 llampis
835 390 984 477 ferrer
995 393 1050 453 de
1053 372 1192 467 Bara
1194 405 1280 457 #
1269 405 1334 469 y
1328 391 1389 449 de
1391 375 1638 465 Maryanna
1647 376 1861 460 defuncta
1873 367 1965 436 ab

421 474 594 556 Eularia
595 488 776 568 donsella
775 480 890 568 filla
905 484 952 546 de
945 478 1084 572 Juan
1103 470 1222 546 Llibo
1219 480 1424 588 pescador
1445 480 1502 546 de
1513 452 1660 560 Bara
1647 492 1706 550 y
1711 472 1772 532 de
1786 446 1980 554 Antiga

411 581 476 647 dit
489 587 562 647 dia
575 575 718 647 rebere
735 587 782 641 de
805 565 972 647 Bernat
991 575 1154 667 Vinyes
1133 581 1298 675 pages
1285 563 1496 677 frances
1507 575 1646 639 viudo
1669 555 1879 638 habitant
1895 581 1980 638 en

415 666 500 763 St
505 670 670 755 Vicens
685 684 778 751 dels
803 666 926 745 horts
941 680 1008 747 ab
1023 652 1182 743 Paula
1195 678 1356 739 viuda
1377 672 1432 737 de
1445 668 1646 768 Sebastia
1671 640 1828 759 Bassa
1835 668 2008 735 vedrier

421 803 534 856 mori
553 801 618 852 en
639 780 706 850 la
729 759 892 848 Roca

413 879 492 946 dit
502 876 577 951 dia
597 866 745 948 rebere
758 872 811 935 de
816 871 976 965 jaume
992 834 1189 938 Ramon
1194 861 1325 967 pages
1296 796 1349 859 de
1341 783 1488 869 Girona
1345 853 1568 937 habitant
1583 868 1638 924 en
1655 815 1734 933 St
1735 812 1837 945 Boy
1846 831 1957 938 fill
1956 829 2021 914 de

409 987 547 1078 Juan
573 952 747 1056 Ramo
749 972 876 1064 pages
887 955 1081 1061 frances
1088 960 1283 1032 habitant
1290 980 1349 1040 en
1359 939 1430 1037 St
1428 932 1538 1056 Boy
1541 977 1594 1050 y
1599 955 1659 1029 de
1676 937 1928 1040 Hieronyma
1943 940 2028 1029 ab

409 1069 604 1145 Eularia
614 1066 816 1167 donsella
826 1058 964 1150 filla
952 1057 1028 1134 de
1011 1052 1161 1155 Juan
1172 1042 1379 1143 Planta
1391 1055 1531 1164 #
1541 1061 1699 1153 mestre
1686 1050 1741 1127 de
1740 1052 1872 1147 cases
1892 1046 1981 1115 de

422 1165 515 1240 dita
526 1158 617 1237 vila
619 1186 673 1259 y
680 1170 740 1229 de
726 1158 916 1267 Juana

415 1263 579 1325 dimars
595 1286 634 1327 a
656 1263 709 1323 16
727 1246 871 1328 rebere
891 1259 941 1319 de
925 1240 1031 1342 Jua
1045 1250 1098 1311 de
1099 1240 1163 1306 la
1167 1215 1298 1308 Porta
1303 1253 1435 1334 pages
1448 1246 1502 1300 de
1494 1225 1689 1328 frança
1698 1229 1831 1302 viudo
1849 1208 2017 1302 habitat

421 1381 474 1425 en
496 1333 646 1446 Bara
654 1352 729 1418 ab
738 1339 1002 1448 Magdalena
1013 1343 1155 1414 viuda
1167 1346 1231 1410 de
1265 1315 1434 1430 Perriz
1417 1335 1632 1440 guardia
1648 1327 1823 1399 texidor
1822 1341 1880 1395 de
1891 1331 2021 1399 llana

421 1460 474 1516 de
490 1448 657 1516 Cellent
675 1436 834 1544 bisbat
856 1456 916 1506 de
917 1434 1042 1510 Vich

425 1549 491 1624 dit
503 1545 580 1614 dia
603 1539 749 1614 rebere
769 1555 815 1613 de
832 1534 1044 1609 Melchior
1059 1539 1206 1607 Oliver
1209 1543 1311 1637 jove
1320 1528 1512 1632 cilurgia
1520 1530 1580 1586 de
1593 1500 1735 1605 Bara
1722 1517 1826 1614 fill
1830 1522 1888 1584 de
1904 1502 2052 1611 Miql

421 1651 565 1720 Oliver
576 1657 779 1751 negociant
795 1644 966 1737 defunct
963 1670 1018 1728 y
1030 1648 1088 1711 de
1116 1632 1386 1739 Margarida
1392 1634 1472 1702 ab
1480 1613 1662 1696 Eleonor
1667 1625 1867 1722 donsella
1864 1604 2006 1709 filla

419 1757 474 1817 de
492 1742 697 1836 Sebastia
727 1727 890 1847 Ripoll
889 1705 1004 1764 sastre
909 1746 959 1805 de
984 1717 1140 1827 Bara
1142 1738 1313 1838 defunct
1299 1767 1363 1830 y
1370 1746 1432 1808 de
1448 1721 1664 1832 Elisabeth

425 1845 487 1916 dit
499 1845 580 1908 dia
595 1831 749 1910 rebere
755 1848 806 1914 de
820 1837 947 1933 Luys
957 1831 1105 1918 Soler
1083 1831 1254 1942 sastre
1278 1837 1351 1904 del
1350 1829 1466 1906 lloch
1474 1845 1527 1906 de
1534 1818 1666 1906 Prats
1677 1829 1817 1931 bisbat
1827 1833 1880 1901 de
1879 1827 2014 1935 Urgell

434 1943 636 2010 habitant
645 1966 709 2008 en
727 1937 846 2037 bara
833 1939 939 2035 fill
944 1951 991 2006 de
982 1920 1092 2035 Jua
1102 1943 1241 2004 Soler
1234 1949 1374 2046 pages
1377 1947 1441 2003 de
1440 1932 1508 2001 dit
1509 1932 1628 2003 lloch
1629 1937 1693 2001 de
1696 1907 1838 2006 Prats
1850 1930 2031 2023 defunct

433 2049 498 2115 ab
501 2029 643 2122 Anna
660 2047 842 2147 donsella
841 2032 985 2141 filla
1007 2045 1065 2113 de
1045 2022 1166 2133 Jua
1181 2034 1319 2111 Colom
1318 2053 1453 2143 pages
1465 2040 1540 2105 del
1551 2026 1657 2099 lloch
1673 2032 1743 2096 del
1751 2011 1872 2101 Pens
1871 2021 2023 2137 bisbat

429 2165 483 2223 de
486 2142 582 2221 Vich
568 2176 636 2243 y
645 2161 699 2221 de
694 2146 943 2245 francisca
977 2144 1172 2238 defuncts

425 2239 615 2315 dimecres
624 2267 659 2311 a
679 2261 745 2306 17
767 2229 920 2304 rebere
921 2242 976 2302 de
984 2218 1092 2306 Pere
1087 2231 1321 2334 fabregues
1326 2242 1454 2334 pages
1459 2225 1634 2315 frances
1648 2206 1838 2289 habitant
1849 2237 1913 2287 en
1923 2201 2012 2287 St

429 2329 586 2427 Quinti
597 2343 670 2410 ab
687 2331 972 2437 Margarida
1003 2331 1195 2435 donsella
1184 2329 1317 2431 filla
1339 2339 1386 2399 de
1400 2299 1498 2395 Pau
1518 2316 1670 2387 Marti
1667 2335 1804 2427 pages
1810 2324 1868 2387 de
1881 2312 2002 2384 dita

427 2438 538 2510 vila
536 2462 600 2529 y
606 2449 668 2512 de
658 2445 840 2544 Juana
852 2430 1079 2529 defuncta

425 2540 495 2605 dit
503 2538 571 2607 dia
587 2534 737 2605 rebere
746 2547 794 2607 de
807 2521 1019 2630 Hyacinto
1034 2523 1269 2605 Coromines
1268 2538 1405 2639 pages
1410 2530 1468 2586 de
1480 2517 1752 2620 Sparaguera
1753 2502 1846 2603 fill
1846 2511 1897 2579 de
1888 2491 2010 2601 Jua

436 2634 665 2713 Coromines
671 2650 796 2738 pages
811 2640 861 2702 de
876 2637 932 2718 #
945 2639 1040 2696 dita
1053 2641 1164 2695 vila
1165 2657 1216 2710 y
1226 2637 1268 2686 de
1278 2625 1546 2717 Magdalena
1558 2627 1741 2699 defuncta
1758 2617 1811 2665 ab
1829 2600 2017 2670 Eularia

433 2737 611 2823 donsella
620 2731 747 2825 filla
763 2733 812 2794 de
799 2725 1012 2819 francesch
1030 2718 1159 2791 Turo
1169 2730 1215 2785 #
1224 2724 1273 2788 #
1280 2738 1408 2822 pages
1427 2717 1491 2784 del
1501 2717 1603 2782 lloch
1610 2716 1674 2779 de
1665 2703 1765 2785 Vila
1765 2713 1831 2776 de
1825 2719 2012 2773 cavalls

434 2820 657 2920 parrochia
673 2826 724 2889 de
740 2822 892 2916 Aulesa
904 2828 957 2885 de
963 2824 1224 2912 Montserrat
1215 2843 1277 2914 y
1289 2824 1348 2887 de
1360 2795 1563 2884 Antonia
1577 2807 1767 2878 vivents

434 2911 489 2973 dit
492 2911 556 2971 dia
568 2909 693 2973 rebere
700 2922 752 2975 de
761 2909 941 2973 lleonart
956 2911 1100 2978 Torres
1102 2917 1229 2973 corder
1240 2919 1292 2971 de
1307 2911 1496 2971 Cardedeu
1492 2905 1626 2961 viudo
1627 2905 1693 2963 ab
1700 2888 1903 2982 Elisabeth
1908 2898 2054 2992 dosella

433 2998 543 3086 filla
560 3010 613 3061 de
635 2979 737 3065 Pere
755 2985 928 3067 Arenas
948 2994 1027 3063 als
1051 2993 1189 3096 lletget
1194 3008 1325 3096 pages
1341 2994 1391 3052 de
1398 2985 1475 3054 St
1476 2985 1622 3080 Esteva
1635 2987 1704 3056 del
1717 2987 1804 3052 Coll
1816 2985 2006 3071 defunct

404 3112 468 3179 y
482 3098 529 3160 de
553 3093 806 3183 Sebastiana

434 3156 567 3249 dijous
585 3191 615 3228 a
639 3181 701 3239 18
714 3154 853 3231 rebere
859 3172 915 3231 de
923 3145 1037 3233 Pere
1053 3161 1144 3260 Gui
1157 3163 1394 3251 clavetayre
1395 3153 1592 3242 frances
1605 3153 1817 3225 habitant
1825 3169 1889 3216 en
1904 3133 2019 3212 Sta

435 3252 542 3324 Ma
543 3268 595 3326 de
609 3241 751 3324 Palau
762 3259 924 3326 tordera
937 3259 1004 3320 ab
1011 3236 1158 3324 Anna
1180 3259 1326 3356 dosella
1325 3254 1449 3345 filla
1470 3257 1521 3315 de
1527 3232 1640 3313 Pere
1657 3250 1755 3306 Cani
1752 3241 2021 3340 treballador

434 3346 492 3412 de
491 3349 592 3411 dita
589 3349 795 3455 parrochia
798 3372 856 3428 y
868 3353 926 3416 de
932 3333 1067 3412 Anna
1073 3355 1242 3411 vivents
