2690 3794
358 268 631 366 Divendres
633 318 667 359 a
680 304 757 378 18
756 282 908 364 rebere
912 297 969 369 de
955 304 1105 403 jaume
1119 297 1276 376 Vench
1278 321 1475 398 parayre
1477 307 1536 371 de
1532 304 1690 378 Caldes
1701 309 1765 366 de
1779 287 1982 378 Monbuy

373 382 495 491 fill
501 399 558 452 de
564 397 646 454 t
678 380 820 464 Vench
824 407 1019 508 parayre
1028 397 1236 481 defunct
1232 416 1294 488 y
1295 392 1367 466 de
1398 402 1443 459 t
1472 387 1559 459 ab
1563 397 1796 488 Scolastica
1800 387 2022 488 donsella

383 478 515 593 filla
526 492 585 556 de
587 456 717 559 Pere
731 470 908 561 Armet
907 480 1070 578 mestre
1089 487 1143 556 de
1152 487 1276 581 cases
1268 511 1334 573 y
1336 487 1405 549 de
1411 470 1652 583 Elisabeth
1673 490 1760 559 tots
1767 490 1828 549 de
1827 485 1929 551 dita
1921 482 2045 549 vila

400 577 583 671 Dissapte
597 599 631 637 a
649 596 705 663 19
723 577 916 649 reberem
927 587 986 647 de
973 575 1231 676 francesch
1222 577 1385 686 Isern
1399 575 1599 676 flaquer
1613 572 1685 644 del
1686 599 1821 674 regne
1827 585 1879 644 de
1868 570 2020 674 fraça

398 665 588 737 habitant
600 687 653 737 en
660 655 820 749 Bara
821 668 938 734 viudo
953 663 1019 737 ab
1018 651 1236 761 Elisabeth
1237 668 1407 759 Juana
1424 668 1571 749 viuda
1580 675 1642 732 de
1636 665 1861 761 francesch
1868 651 1934 742 St
1928 655 2025 737 Pere

393 758 563 837 hortola
577 767 628 832 de
640 736 792 849 Bara

380 858 459 932 dit
468 855 545 924 dia
557 848 696 920 rebere
703 855 764 920 de
773 850 923 944 jaume
937 838 1148 941 Granera
1157 855 1291 949 pages
1293 841 1357 905 de
1348 831 1498 941 jorba
1499 828 1639 939 bisbat
1651 833 1702 903 de
1696 826 1813 898 Vich
1802 819 2017 900 habitant

390 962 449 1015 en
456 923 605 1027 Bara
597 936 704 1027 fill
713 943 769 1007 de
781 933 948 1005 March
957 928 1160 1032 Granera
1169 940 1299 1025 pages
1300 953 1352 1017 y
1356 938 1422 1000 de
1409 926 1574 1012 Juana
1583 921 1773 1002 defuncts
1782 919 1858 985 ab
1837 916 2025 1012 Juana

383 1028 535 1107 viuda
544 1028 608 1105 de
690 1033 732 1103 t
784 1021 908 1095 Lledo
915 1046 1047 1124 pages
1063 1028 1135 1098 de
1144 997 1309 1115 Bara

383 1121 452 1188 dit
463 1121 527 1180 dia
542 1114 681 1178 rebere
688 1131 732 1183 de
746 1111 906 1180 Antoni
920 1102 1085 1178 Rocha
1091 1128 1226 1207 pages
1245 1116 1299 1173 de
1308 1087 1387 1176 St
1384 1089 1500 1190 Genis
1510 1099 1566 1166 de
1573 1082 1735 1163 Horta
1724 1089 1849 1183 fill
1840 1099 1899 1166 de
1913 1080 2017 1158 An=

388 1211 480 1273 toni
494 1179 661 1264 Rocha
678 1216 817 1300 pages
814 1226 873 1295 y
887 1206 948 1276 de
963 1194 1236 1298 Hieronyma
1253 1194 1440 1283 defuncta
1464 1189 1543 1264 ab
1552 1184 1733 1264 Maria
1747 1182 1967 1281 donsella

363 1294 500 1383 filla
521 1306 578 1363 de
644 1302 683 1358 t
776 1275 1024 1358 Marrochs
1031 1306 1173 1407 pages
1192 1299 1243 1358 de
1258 1275 1362 1358 Sts
1336 1311 1412 1397 y
1401 1294 1473 1361 de
1519 1291 1566 1353 t

375 1384 616 1493 Diumenge
642 1411 681 1456 a
695 1384 792 1449 20
811 1384 979 1454 rebere
993 1387 1057 1456 de
1069 1357 1178 1456 Pau
1192 1367 1362 1481 Alegre
1384 1401 1523 1490 pages
1542 1389 1601 1454 de
1615 1350 1775 1476 Bara
1779 1367 1914 1441 viudo
1923 1367 2005 1437 ab

380 1475 578 1553 Victoria
579 1461 780 1584 febres
779 1484 946 1553 viuda
965 1489 1024 1549 de
1021 1480 1269 1590 francesch
1263 1473 1469 1591 fabres
1472 1477 1619 1575 sastre
1633 1484 1700 1544 de
1706 1467 1874 1570 Sitges

358 1579 533 1641 Dilluns
547 1604 578 1644 a
597 1594 661 1641 21
680 1565 825 1636 rebere
829 1574 880 1636 de
869 1574 1014 1673 Juan
1036 1579 1213 1649 Strada
1227 1591 1425 1676 cirurgia
1436 1582 1488 1646 de
1495 1562 1707 1688 Perpinya
1724 1565 1932 1641 habitant
1938 1596 2012 1644 en

380 1648 537 1758 Bara
534 1670 646 1756 fill
655 1677 709 1736 de
761 1677 812 1739 t
862 1672 1044 1741 Strada
1051 1687 1208 1741 notari
1225 1682 1276 1746 de
1285 1653 1518 1744 Parelada
1512 1704 1566 1763 y
1570 1692 1632 1749 de
1631 1667 1788 1746 Anna
1802 1672 2022 1756 defuncta

375 1762 457 1836 ab
473 1757 762 1858 Hieronyma
771 1757 991 1866 donsella
988 1767 1130 1861 filla
1152 1772 1206 1834 de
1194 1764 1455 1878 francesch
1467 1764 1700 1841 Vilanova
1709 1772 1841 1836 doctor
1832 1784 1904 1824 en
1895 1762 2022 1824 drets

380 1872 439 1934 de
448 1833 679 1958 Perpinya
703 1860 901 1953 defunct
879 1879 954 1956 y
965 1867 1026 1936 de
1041 1867 1281 1963 Susanna

367 1952 444 2022 Dit
446 1952 527 2022 dia
534 1947 691 2022 rebere
698 1962 757 2026 de
741 1964 886 2056 Juan
885 1960 1011 2046 font
1018 1974 1158 2053 pages
1162 1955 1248 2022 del
1253 1972 1377 2046 regne
1389 1950 1450 2017 de
1447 1940 1632 2036 frança
1641 1926 1861 2014 habitant
1878 1957 1977 2007 en

360 2050 608 2158 Terrassa
632 2052 701 2119 ab
700 2045 956 2122 Valentina
970 2052 1158 2163 donsella
1147 2052 1306 2153 filla
1321 2052 1385 2117 de
1436 2055 1485 2119 t
1520 2028 1743 2119 Torres
1742 2062 1879 2156 pages
1885 2057 1957 2122 de

389 2146 480 2236 St
487 2148 687 2230 Llorens
694 2148 879 2226 çavall
887 2154 1072 2242 defunct
1058 2169 1142 2253 y
1139 2150 1213 2230 de
1233 2136 1440 2226 Violant

370 2243 568 2314 Dimecres
582 2269 621 2317 a
637 2233 719 2319 23
731 2238 886 2319 rebere
889 2257 946 2322 de
953 2245 1193 2351 francisco
1212 2238 1407 2348 Gallisco
1411 2255 1548 2346 pages
1558 2238 1634 2310 del
1638 2228 1765 2297 lloch
1774 2235 1833 2292 de
1842 2216 1995 2319 Lasta=

375 2340 490 2439 nosa
506 2333 583 2402 del
592 2330 732 2436 bisbat
743 2338 805 2409 de
811 2333 1009 2446 Guesca
1021 2362 1087 2407 en
1094 2335 1148 2402 lo
1154 2347 1304 2436 regne
1313 2338 1364 2397 de
1376 2325 1531 2429 Arago
1532 2335 1644 2417 fill
1651 2330 1717 2397 de
1742 2304 1952 2387 Nadal

373 2438 558 2543 Gallisco
554 2464 611 2526 y
625 2440 681 2502 de
680 2442 842 2543 juana
864 2430 1079 2517 defuncts
1101 2433 1178 2500 ab
1190 2416 1465 2526 Magdalena
1474 2423 1634 2497 viuda
1646 2420 1702 2487 de
1691 2403 1823 2519 jaue
1820 2386 1980 2480 Perial

370 2545 502 2604 #
514 2538 649 2629 sastre
660 2533 737 2599 del
738 2528 860 2597 lloch
869 2538 923 2599 de
945 2518 1019 2597 La
1031 2499 1175 2599 Pedra
1194 2523 1334 2631 bisbat
1341 2528 1402 2592 de
1396 2518 1541 2619 Urgell
1558 2530 1682 2587 mori
1691 2535 1758 2587 en
1774 2482 1952 2609 Bara

363 2613 432 2678 Dit
423 2620 500 2675 dia
499 2611 649 2670 rebere
645 2618 696 2682 de
698 2613 822 2697 Magi
839 2613 999 2707 Mestre
1005 2633 1201 2682 carnicer
1202 2611 1402 2682 habitant
1409 2640 1470 2682 en
1482 2593 1627 2690 Bara
1605 2606 1715 2700 fill
1716 2603 1775 2675 de
1769 2601 1934 2692 Juan

365 2691 537 2789 Mestre
544 2713 676 2799 pages
683 2713 744 2775 de
753 2686 855 2770 Sta
849 2708 1022 2775 Coloma
1025 2711 1085 2770 de
1089 2703 1254 2802 Queralt
1270 2699 1402 2794 bisbat
1414 2706 1460 2770 de
1459 2689 1571 2763 Vich
1555 2723 1619 2792 y
1623 2696 1690 2763 de
1699 2684 1899 2792 Angela
1908 2694 1970 2760 de=

355 2786 535 2875 functa
549 2791 613 2860 ab
617 2771 772 2858 Paula
788 2793 976 2887 donsella
978 2793 1107 2890 filla
1121 2801 1175 2858 de
1182 2771 1289 2851 Pau
1283 2781 1496 2887 fabregas
1499 2788 1697 2904 pescador
1699 2793 1753 2858 de
1772 2762 1932 2875 Bara
1895 2808 1962 2870 y

365 2891 416 2953 de
443 2874 699 2980 Marquesa
716 2879 916 2970 defuncts

347 2954 429 3031 Dit
436 2967 510 3031 dia
516 2967 666 3038 rebere
675 2974 732 3038 de
746 2957 976 3036 Salvador
985 2928 1180 3019 Baldiri
1184 2952 1385 3011 mariner
1386 2947 1440 3006 de
1442 2911 1591 3021 Bara
1568 2933 1682 3024 fill
1679 2940 1740 2997 de
1752 2903 1959 2999 Bernadi

365 3025 558 3114 Baldiri
557 3054 744 3155 pescador
731 3074 789 3136 y
796 3057 863 3119 de
874 3040 1029 3119 Clara
1036 3042 1105 3114 ab
1114 3032 1334 3143 Speransa
1348 3027 1541 3129 donsella
1530 3027 1674 3119 filla
1681 3032 1748 3097 de
1749 3018 1937 3092 Antoni

378 3123 527 3226 Esteve
539 3135 621 3209 del
635 3128 757 3238 Grau
776 3142 838 3209 de
819 3125 1054 3204 Valentia
1051 3150 1112 3214 y
1121 3135 1178 3197 de
1202 3113 1508 3206 Montserrada

355 3227 439 3292 Dit
448 3227 522 3287 dia
529 3210 681 3287 rebere
685 3227 739 3285 de
733 3210 971 3307 francesch
983 3205 1105 3287 Valls
1116 3227 1286 3314 parayre
1295 3208 1359 3272 de
1371 3166 1541 3280 Bara
1525 3191 1624 3282 fill
1623 3198 1682 3258 de
1681 3174 1858 3258 Antoni
1860 3176 1990 3255 Valls

342 3330 412 3392 y
408 3311 469 3375 de
491 3296 734 3367 Catherina
758 3293 822 3363 ab
824 3289 943 3358 Clara
953 3298 1138 3382 donsella
1139 3293 1263 3380 filla
1265 3289 1319 3350 de
1326 3269 1435 3350 Pere
1457 3276 1674 3370 Marganet
1681 3279 1816 3375 pages
1822 3271 1879 3333 de
1878 3247 1985 3338 Pra=

358 3383 437 3448 des
448 3374 679 3480 Archebisbat
688 3383 739 3441 de
758 3371 1009 3465 Tarragona
995 3393 1054 3463 y
1063 3383 1120 3445 de
1137 3366 1422 3463 Magdalena
