2690 3794
293 273 683 488 Dimecres
707 385 752 433 al
779 340 872 448 pr
880 367 925 422 de
941 359 1001 425 dit
1007 359 1176 427 reberem
1199 374 1241 424 de
1245 359 1381 458 Juan
1400 349 1480 425 Del
1494 375 1547 430 tel
1564 362 1754 437 caldarer
1765 377 1834 432 del
1842 388 1978 464 regne

423 482 465 531 de
464 471 630 557 frança
659 459 859 526 habitant
880 479 929 518 en
961 433 1097 532 Bara
1102 459 1160 513 ab
1179 451 1420 545 Margarida
1440 463 1622 554 donsella
1629 459 1735 544 filla
1755 465 1797 519 de
1814 461 2009 518 Salvador

402 572 571 665 ferrer
586 575 726 660 mestre
754 563 796 615 de
811 581 897 614 axa
912 562 962 612 de
980 556 1098 612 Canet
1099 580 1151 639 y
1176 560 1220 615 de
1218 556 1396 649 Juana
1421 562 1611 646 defuncts

411 670 645 742 Divendres
652 686 692 726 a
704 667 752 729 3
770 651 916 720 rebere
924 656 977 720 de
959 656 1100 750 Jordi
1104 626 1344 732 Bolvena
1349 648 1492 756 pages
1488 640 1566 715 del
1568 659 1703 731 regne
1702 648 1761 709 de
1757 640 1939 729 frança
1949 624 2024 707 ha

419 760 573 835 bitant
589 777 650 816 en
663 738 862 813 Mataro
872 738 952 805 ab
959 733 1119 808 Maria
1124 744 1322 844 donsella
1324 738 1457 833 filla
1464 738 1520 805 de
1527 722 1706 802 Antoni
1708 722 1912 835 Tarrego
1908 744 2005 846 pes=

427 843 543 912 cador
548 853 609 914 de
617 837 798 903 Mataro
806 859 848 939 y
852 832 919 898 de
929 821 1210 928 Margarida

413 933 568 1027 Dissapte
575 954 604 996 a
619 949 664 1010 4
674 927 815 999 rebere
817 938 867 994 de
880 911 982 991 Pau
997 916 1138 994 Rialt
1137 949 1311 1024 parayre
1318 930 1366 988 de
1382 922 1643 1021 Sparaguera
1645 919 1744 1005 fill
1746 916 1799 980 de
1812 905 1997 1005 Miquel

419 1015 541 1087 Rialt
542 1031 675 1125 pages
674 1045 727 1103 y
737 1023 790 1081 de
789 1015 944 1101 Juana
951 1009 1147 1103 defuncts
1168 1009 1234 1079 ab
1239 998 1413 1076 Eularia
1414 1004 1599 1101 donsella
1590 1006 1712 1092 filla
1719 998 1778 1068 de
1785 990 1950 1062 Antoni
1952 979 2008 1062 Es=

411 1130 511 1188 teva
521 1127 642 1221 pages
644 1121 694 1183 de
707 1105 897 1169 Mediona
891 1132 947 1191 y
954 1116 1001 1177 de
1014 1105 1237 1172 Catherina

408 1204 486 1273 Dit
490 1209 554 1273 dia
548 1204 675 1273 rebere
688 1212 741 1273 de
734 1209 870 1295 jaume
885 1198 1067 1281 Ginestar
1072 1204 1204 1284 mestre
1217 1201 1267 1262 de
1272 1201 1391 1284 cases
1401 1204 1457 1262 de
1458 1179 1533 1262 St
1516 1190 1635 1276 Just
1634 1187 1808 1278 Desvern
1798 1176 1906 1273 fill
1916 1182 1983 1243 de

413 1283 508 1366 #
521 1291 779 1385 Montserrat
795 1283 988 1383 Ginestar
987 1288 1136 1374 mestre
1140 1286 1204 1350 de
1206 1288 1330 1380 cases
1324 1310 1388 1374 y
1392 1280 1448 1352 de
1456 1272 1690 1352 Catherina
1711 1280 1920 1380 defuncts
1941 1269 2019 1344 ab

436 1371 645 1481 Elisabeth
660 1379 834 1478 donsella
830 1376 960 1476 filla
967 1376 1023 1443 de
1022 1357 1130 1445 Pau
1148 1379 1440 1487 Campprecios
1445 1384 1574 1481 pages
1568 1401 1629 1467 y
1637 1384 1690 1445 de
1694 1368 1863 1443 Elienor
1872 1360 2010 1443 tots

427 1491 483 1558 de
490 1488 576 1552 dita
583 1466 826 1596 parrochia

416 1576 639 1678 Diumege
649 1595 689 1643 a
704 1579 757 1640 5
770 1554 919 1637 rebere
929 1573 985 1634 de
1003 1551 1163 1659 Guille
1173 1548 1292 1667 basso
1307 1551 1415 1664 jove
1417 1562 1486 1632 de
1482 1551 1634 1674 mestre
1626 1551 1707 1629 de
1701 1532 1845 1658 cases
1838 1548 1898 1632 de
1913 1513 2028 1630 Per=

413 1685 554 1787 pinya
578 1661 777 1741 habitant
784 1688 842 1738 en
863 1631 1023 1752 Bara
1020 1658 1122 1749 fill
1135 1655 1191 1724 de
1209 1653 1369 1758 Guille
1376 1628 1528 1754 Basso
1532 1644 1703 1727 hortola
1694 1680 1764 1749 y
1765 1661 1829 1724 de
1809 1650 2010 1746 Joana

416 1768 568 1839 Anna
583 1762 790 1875 defuncts
803 1757 881 1831 ab
885 1751 1075 1831 Eularia
1074 1757 1278 1859 donsella
1280 1748 1413 1848 filla
1414 1748 1478 1826 de
1650 1745 1805 1853 Sastre
1807 1741 1986 1840 mestre

416 1874 469 1935 de
477 1863 601 1960 cases
617 1885 670 1973 y
674 1858 741 1921 de
784 1855 842 1930 t

402 1956 488 2026 Dit
498 1953 582 2017 dia
586 1942 733 2017 rebere
742 1945 796 2012 de
797 1934 1040 2034 francesch
1042 1929 1177 2028 folch
1184 1951 1363 2042 parayre
1373 1934 1437 1998 de
1450 1910 1654 1990 Monbrio
1653 1915 1728 1984 del
1735 1899 1997 2017 Archebisbat

405 2049 464 2119 de
466 2041 743 2151 Tarragona
751 2044 848 2138 fill
852 2044 905 2110 de
912 2022 1032 2108 Pere
1022 2038 1169 2140 folch
1179 2044 1317 2140 pages
1327 2019 1517 2121 defunct
1508 2046 1572 2113 y
1576 2019 1635 2086 de
1639 2014 1871 2083 Catherina
1897 2003 1975 2078 ab

416 2134 692 2239 Hieronyma
704 2139 897 2247 donsella
896 2139 1043 2239 filla
1047 2145 1103 2214 de
1102 2129 1363 2239 francesch
1362 2120 1492 2231 Guiu
1491 2126 1693 2228 sabater
1702 2118 1761 2193 de
1785 2082 1948 2203 Bara
1913 2139 1980 2203 y

405 2252 469 2313 de
485 2227 634 2321 Tecla
671 2238 881 2338 defuncts

404 2336 554 2391 Dimarts
567 2356 598 2391 a
617 2348 648 2391 7
671 2322 808 2390 rebere
825 2336 866 2387 de
878 2317 1040 2388 Antoni
1055 2315 1164 2381 Clos
1177 2303 1297 2408 pages
1304 2311 1368 2365 del
1382 2326 1506 2393 regne
1520 2301 1563 2359 de
1568 2296 1737 2383 frança
1756 2290 1969 2359 habitant

414 2438 468 2483 en
479 2398 639 2495 Bara
642 2411 768 2476 viudo
804 2416 874 2475 ab
882 2406 1025 2475 Anna
1049 2408 1224 2504 donsella
1233 2403 1358 2498 filla
1378 2406 1428 2459 de
1449 2389 1680 2495 Berenguer
1703 2394 1911 2459 Alaverni
1922 2423 2005 2497 #

380 2534 479 2610 #
500 2524 534 2577 #
557 2501 762 2601 blanquer
774 2515 826 2570 de
852 2499 1120 2591 Vilafranca
1145 2503 1195 2563 de
1219 2501 1423 2595 Conflent
1422 2525 1479 2587 y
1493 2503 1546 2564 de
1561 2491 1743 2561 Violant
1764 2487 1990 2591 defuncts

400 2613 609 2682 Dimecres
630 2630 672 2674 a
680 2613 730 2674 8
742 2594 889 2669 rebere
904 2610 966 2677 de
978 2596 1147 2669 Simon
1168 2574 1352 2666 Buada
1351 2610 1487 2701 pages
1499 2594 1580 2666 del
1587 2618 1717 2693 regne
1722 2605 1783 2669 de
1771 2602 1978 2704 frança

413 2700 626 2773 habitant
636 2714 708 2770 en
718 2692 941 2767 Sabadell
976 2692 1043 2764 ab
1055 2681 1281 2794 Elisabeth
1294 2695 1446 2762 viuda
1464 2695 1520 2764 de
1527 2676 1703 2764 Antich
1713 2689 1978 2764 Vallcorba

413 2807 557 2909 pages
572 2807 634 2877 de
652 2802 848 2868 Sabadell

405 2889 552 2989 Dijous
555 2913 625 2966 a
621 2913 679 2981 9
677 2892 846 2965 rebere
850 2892 907 2965 de
922 2879 1096 2949 March
1098 2845 1222 2950 Bell
1221 2887 1421 2978 parayre
1429 2868 1493 2944 de
1500 2855 1709 2970 Terrassa
1706 2865 1818 2971 fill
1825 2869 1887 2953 de
1882 2852 1983 2952 An=

413 2980 511 3052 tich
515 2947 607 3019 Bell
523 3002 711 3086 parayre
726 2985 916 3082 defunct
904 3007 974 3079 y
984 2988 1051 3060 de
1061 2960 1248 3074 Antiga
1275 2969 1352 3041 ab
1365 2960 1580 3044 dorothea
1593 2966 1788 3071 donsella
1793 2969 1950 3068 filla

411 3086 469 3156 de
493 3070 667 3150 Narcis
691 3067 859 3153 Vehins
856 3098 1078 3176 parayre
1085 3081 1141 3148 de
1151 3075 1251 3148 dita
1255 3070 1366 3137 vila
1368 3092 1437 3159 y
1447 3078 1503 3139 de
1519 3059 1838 3167 Maryangela

394 3174 601 3241 Divendres
608 3190 645 3235 a
655 3190 708 3235 10
723 3169 856 3235 rebere
866 3182 916 3238 de
915 3155 1073 3263 joseph
1085 3160 1223 3227 Marti
1220 3179 1429 3238 orationer
1428 3171 1492 3235 de
1494 3155 1698 3227 Mediona
1702 3155 1906 3219 habitant
1913 3179 1972 3224 en

416 3242 563 3337 Bara
553 3259 656 3345 fill
669 3262 716 3328 de
726 3264 859 3358 juan
877 3253 1021 3323 Marti
1036 3255 1083 3313 de
1098 3256 1327 3350 Gulladols
1340 3268 1469 3340 pages
1474 3279 1517 3345 y
1530 3254 1586 3312 de
1601 3231 1780 3327 Angela
1811 3238 2013 3323 defuncta

418 3351 475 3407 ab
487 3349 709 3410 Catherina
730 3359 877 3408 viuda
910 3355 956 3410 de
964 3350 1174 3439 francisco
1193 3327 1321 3441 Pages
1337 3360 1537 3402 orationer
1552 3343 1658 3398 mori
1672 3360 1718 3397 en
1724 3336 1919 3393 Vilanova
1928 3341 1969 3392 de
1972 3337 2101 3417 Sitges
