2690 3794
386 328 577 405 Dimars
596 368 633 407 a
649 342 704 407 6
716 333 859 398 rebere
935 336 1071 405 Vicens
1100 340 1256 421 Cabessa
1276 338 1430 398 sabater
1447 340 1496 392 de
1506 338 1769 433 Sparaguera
1768 328 1873 413 fill
1894 326 1974 390 de

409 446 559 536 jaume
583 432 758 519 Cabessa
781 430 966 496 sabater
980 439 1036 496 de
1053 429 1329 529 Sparaguera
1344 427 1514 514 #
1519 452 1563 533 y
1565 427 1622 491 de
1641 417 1853 486 Catherina
1869 394 2026 509 defucts

409 534 474 596 ab
484 522 767 619 Hieronyma
782 528 981 623 donsella
985 523 1121 608 filla
1143 534 1196 590 de
1197 518 1272 589 #
1260 520 1408 615 Juan
1425 495 1584 582 Boter
1590 535 1783 620 parayre
1800 514 1853 585 de
1852 516 2024 617 spara=

393 645 541 725 guera
554 619 738 699 defunct
747 638 785 715 y
797 619 850 680 de
881 610 1160 707 Magdalena

400 714 471 776 Dit
479 712 555 767 dia
567 699 704 770 rebere
721 717 769 767 de
781 705 929 763 Audalt
955 682 1110 763 Bover
1113 715 1284 796 parayre
1305 694 1358 756 de
1371 668 1530 779 Ripoll
1545 673 1667 776 bisbat
1676 692 1724 748 de
1729 677 1830 744 Vich
1842 680 2017 744 habitant

407 820 466 864 en
481 775 640 877 Bara
637 785 733 873 fill
747 792 794 851 de
808 773 1001 884 Raphel
1012 761 1182 852 Bover
1195 799 1389 887 parayre
1405 783 1457 844 de
1470 773 1564 838 dita
1567 775 1687 837 vila
1686 795 1735 870 y
1739 776 1793 835 de
1792 745 2028 837 Damiana

412 890 618 985 defuncts
651 885 717 952 ab
732 890 927 955 Veronica
935 879 1081 948 viuda
1093 883 1141 947 de
1163 877 1327 976 Gaspar
1339 874 1570 969 Llobregosa
1563 872 1724 960 sastre
1743 863 1803 929 de
1815 836 2017 960 Bara

398 993 478 1055 Dit
484 986 557 1051 dia
561 981 703 1048 rebere
718 984 787 1050 del
791 970 873 1048 Sr
851 986 992 1074 Juan
1009 967 1214 1074 Batista
1225 972 1442 1069 Descallar
1452 981 1606 1069 donsell
1612 996 1679 1043 en
1691 951 1868 1053 Bara
1860 970 2040 1034 domici=

407 1087 501 1152 liat
495 1083 609 1175 fill
621 1085 694 1146 del
703 1058 779 1148 Sr
779 1066 959 1146 Llorens
960 1080 1185 1164 descallar
1199 1077 1356 1168 donsell
1364 1099 1424 1140 en
1436 1050 1599 1158 Bara
1598 1066 1834 1135 domiciliat
1822 1089 1891 1154 y
1901 1063 1986 1131 de

402 1165 554 1242 Anna
565 1176 780 1254 defuncta
800 1169 877 1233 ab
879 1173 934 1236 la
947 1162 1057 1246 Sra
1055 1151 1362 1240 Emerentiana
1375 1169 1564 1266 donsella
1563 1167 1701 1254 filla
1716 1164 1764 1227 de
1764 1160 2012 1259 francesch

416 1253 562 1332 Pobla
578 1270 738 1332 ciuteda
754 1274 809 1332 de
818 1258 925 1329 Vich
940 1265 1099 1346 defunct
1104 1291 1159 1376 y
1159 1269 1214 1327 de
1219 1265 1272 1327 la
1285 1255 1389 1325 Sra
1400 1260 1561 1323 Maria

396 1357 485 1437 dit
497 1366 572 1430 dia
581 1354 722 1430 rebere
739 1366 794 1432 de
822 1356 1006 1456 Miquel
1016 1335 1205 1423 Barata
1215 1377 1408 1467 parayre
1429 1359 1480 1421 de
1495 1342 1706 1444 Terrassa
1705 1337 1819 1428 fill
1824 1340 1879 1402 de
1885 1314 2008 1402 An=

414 1461 509 1517 toni
533 1431 731 1521 Barata
745 1462 880 1563 pages
874 1478 938 1542 y
953 1457 1010 1519 de
1039 1443 1240 1549 Gabriela
1258 1450 1467 1540 defuncts
1472 1447 1545 1514 ab
1565 1427 1791 1533 Aldonsa
1799 1431 2003 1524 donsella

387 1553 509 1636 filla
538 1558 588 1620 de
597 1536 715 1620 Pere
720 1555 852 1636 font
874 1571 1044 1652 parayre
1068 1544 1123 1613 de
1136 1536 1354 1638 Terrassa
1364 1574 1415 1648 y
1420 1546 1475 1607 de
1502 1541 1555 1599 t
1585 1538 1809 1617 defuncta

400 1645 534 1729 Dijous
542 1670 580 1707 a
592 1659 633 1711 8
644 1635 776 1702 rebere
773 1645 821 1702 de
816 1630 920 1704 Pau
917 1644 1117 1723 fonollar
1116 1651 1247 1734 pages
1251 1651 1302 1706 de
1310 1626 1414 1699 Sta
1400 1642 1559 1704 Coloma
1571 1640 1627 1701 de
1637 1635 1871 1730 Gramanet
1858 1630 1983 1713 fill

412 1741 460 1805 de
455 1741 575 1802 Steva
560 1740 695 1821 fossar
689 1720 785 1795 als
761 1734 909 1819 fonolla
904 1738 1046 1825 #
1037 1754 1144 1825 pages
1138 1734 1184 1795 de
1181 1743 1331 1819 juqueres
1255 1687 1389 1758 defunct
1380 1712 1423 1755 y
1422 1700 1467 1742 de
1466 1687 1638 1760 Angela
1328 1728 1403 1795 ab
1407 1719 1550 1795 Anna
1571 1720 1749 1790 Maria
1759 1717 1972 1823 donsella

389 1837 509 1919 filla
527 1846 577 1903 de
579 1815 697 1901 Pere
716 1810 900 1896 Rovira
903 1830 1071 1919 fuster
1079 1837 1128 1896 de
1134 1830 1286 1931 Urgell
1289 1855 1354 1913 y
1361 1830 1415 1900 de
1425 1837 1604 1940 juana

400 1930 473 1989 dit
477 1930 550 1989 dia
558 1918 695 1987 rebere
703 1934 756 1992 de
757 1909 864 1990 Pau
879 1921 1031 2020 Garua
1043 1923 1275 2025 apothecari
1280 1935 1327 1992 de
1348 1918 1534 1987 Mataro
1526 1925 1633 2013 fill
1635 1923 1687 1983 de
1703 1908 1906 1982 Thomas
1910 1908 2042 2009 Garua

405 2016 638 2116 apothecari
651 2045 695 2121 #
700 2021 864 2107 defunct
876 2040 925 2116 y
926 2021 985 2081 de
996 2005 1150 2083 Anna
1183 2016 1254 2081 ab
1258 1998 1412 2085 Anna
1425 2008 1652 2113 donsella
1648 2005 1787 2102 filla
1799 2016 1861 2079 de
1863 1988 2001 2074 Pere

404 2098 514 2205 Roig
522 2122 694 2175 vedrier
705 2136 751 2212 y
752 2115 807 2174 de
818 2092 1026 2203 Angela
1052 2110 1155 2165 tots
1174 2106 1234 2172 de
1260 2091 1455 2165 Mataro

396 2206 478 2271 Dit
481 2213 552 2266 dia
556 2192 697 2270 rebere
709 2209 760 2271 de
750 2208 895 2299 Juan
910 2195 1036 2264 Lledo
1043 2216 1268 2266 tavarner
1273 2209 1329 2268 de
1351 2178 1507 2297 Bara
1508 2192 1615 2280 fill
1626 2194 1679 2256 de
1673 2190 1814 2278 Juan
1827 2174 1949 2247 Lledo
1949 2199 2042 2287 pa=

389 2319 494 2401 ges
504 2307 555 2367 de
574 2277 656 2367 St
642 2298 760 2401 fost
757 2326 823 2394 y
838 2310 891 2376 de
906 2281 1101 2402 Angela
1123 2295 1344 2387 defuncts
1350 2298 1426 2364 ab
1441 2290 1670 2360 Madrona
1686 2291 1889 2381 donsella
1881 2279 2028 2376 filla

412 2417 464 2483 de
477 2379 609 2472 Pere
637 2401 796 2507 Calopa
806 2403 949 2511 pages
962 2406 1010 2467 de
1016 2389 1108 2467 St
1107 2394 1288 2495 Gervasi
1298 2403 1462 2477 defunct
1461 2422 1516 2498 y
1520 2398 1577 2456 de
1581 2375 1801 2458 Antonia

398 2497 625 2568 Divendres
642 2527 685 2564 a
693 2524 744 2580 9
752 2497 902 2561 rebere
910 2510 961 2564 de
976 2496 1128 2566 Vicens
1145 2496 1308 2561 Serra
1292 2501 1464 2594 sastre
1476 2501 1527 2561 de
1535 2490 1593 2554 la
1596 2485 1713 2549 vila
1721 2492 1775 2552 de
1786 2463 1983 2582 Graus

418 2588 505 2660 del
518 2586 660 2687 bisbat
676 2592 728 2650 de
750 2579 974 2676 barbastre
1002 2602 1058 2642 en
1073 2579 1124 2643 lo
1136 2602 1263 2678 regne
1280 2588 1331 2648 de
1348 2567 1498 2673 Arago
1510 2572 1717 2640 habitant
1727 2593 1787 2638 en
1806 2553 2003 2657 Aulesa

420 2698 474 2760 de
499 2677 769 2778 Montserrat
768 2681 880 2769 fill
894 2681 941 2743 de
947 2679 1083 2770 Juan
1102 2675 1257 2739 Serra
1274 2693 1430 2758 manya
1447 2668 1496 2730 de
1510 2668 1575 2732 dit
1585 2658 1703 2732 lloch
1716 2661 1884 2762 defunct
1881 2686 1934 2767 y
1941 2663 2001 2723 de

429 2775 643 2870 Elisabeth
676 2778 742 2842 ab
761 2773 1038 2879 Margarida
1050 2755 1191 2833 Ribes
1201 2773 1381 2865 donsella
1388 2768 1511 2856 filla
1535 2759 1586 2828 de
1612 2755 1863 2851 Montserrat
1885 2728 2042 2819 Ribes

425 2894 602 2978 parayre
624 2876 681 2940 de
694 2871 766 2936 dit
773 2867 891 2933 lloch
910 2871 972 2933 de
991 2865 1157 2966 Aulesa
1163 2890 1214 2973 y
1215 2871 1277 2929 de
1294 2841 1475 2958 Antiga
1501 2850 1713 2942 defuncta

409 2970 482 3022 Dit
481 2969 548 3019 dia
556 2955 679 3017 rebere
691 2963 733 3015 de
734 2957 853 3041 Juan
872 2948 981 3011 Lloro
985 2963 1256 3045 passamaner
1264 2953 1320 3013 de
1325 2935 1396 3013 St
1396 2951 1516 3010 Celoni
1506 2948 1608 3029 fill
1612 2949 1661 3006 de
1646 2943 1773 3032 Joan
1788 2939 1900 3005 Lloro
1908 2960 1988 3038 pe=

414 3065 537 3127 rayre
538 3070 591 3121 y
608 3049 658 3106 de
680 3033 839 3106 Eleonor
852 3042 1035 3120 defuncts
1039 3040 1105 3095 ab
1115 3018 1304 3120 Rafela
1316 3026 1489 3123 donsella
1482 3035 1609 3111 filla
1625 3035 1674 3087 de
1682 3023 1906 3085 Salvador
1899 3019 2001 3109 Jo=

412 3136 582 3189 ventells
597 3127 756 3188 texidor
761 3131 810 3188 de
820 3120 875 3184 lli
885 3129 934 3189 de
942 3119 1108 3217 bescano
1129 3115 1277 3216 bisbat
1290 3124 1342 3183 de
1353 3117 1527 3211 Gerona
1515 3140 1577 3197 y
1580 3115 1634 3174 de
1650 3103 1861 3193 Elisabeth

378 3210 485 3282 Dit
495 3215 579 3275 dia
594 3206 738 3273 rebere
761 3213 810 3272 de
818 3202 1040 3270 Salvador
1046 3188 1202 3272 Amat
1208 3201 1379 3273 sabater
1386 3208 1446 3266 de
1450 3194 1674 3299 Terrassa
1675 3201 1785 3280 fill
1786 3204 1843 3261 de
1840 3201 2012 3287 jaume

407 3283 552 3362 Amat
567 3292 762 3360 sabater
743 3319 801 3378 y
813 3295 868 3355 de
874 3279 1042 3383 Antiga
1064 3290 1265 3364 defuncta
1283 3283 1351 3341 ab
1357 3269 1564 3364 Elisabeth
1583 3283 1758 3369 donsella
1747 3278 1886 3360 filla
1892 3272 1979 3331 de

414 3388 631 3452 Salvador
653 3380 791 3443 Salas
797 3393 983 3470 parayre
992 3377 1049 3437 de
1059 3372 1152 3437 dita
1158 3370 1261 3429 vila
1264 3389 1317 3469 y
1321 3374 1374 3430 de
1398 3344 1685 3439 Elisabeth
