2690 3794
409 282 586 371 dissapte
603 303 636 337 a
652 292 723 342 27
739 265 880 339 rebere
890 279 942 339 de
961 267 1096 365 Guille
1112 269 1258 335 Marti
1248 261 1435 361 flaquer
1429 263 1616 352 frances
1621 263 1807 325 habitant
1817 284 1869 323 en
1879 246 2027 346 Bara

419 376 484 438 ab
507 357 648 438 Elena
656 379 795 436 viuda
803 376 855 434 de
865 351 979 434 Pere
997 364 1168 432 Cortada
1178 372 1319 455 mestre
1336 372 1383 424 de
1397 364 1503 449 cases
1519 370 1618 422 mori
1623 374 1680 417 en
1692 330 1837 428 Bara

415 463 478 521 dit
487 465 555 518 dia
551 456 699 514 rebere
716 465 763 512 de
749 442 970 540 francesch
980 440 1089 542 Roig
1095 456 1221 554 pintor
1229 460 1279 514 de
1293 440 1428 523 Bara
1425 435 1522 525 fill
1523 448 1575 508 de
1568 440 1780 527 francesch
1783 431 1893 518 Roig
1889 442 2016 523 pages

409 572 454 634 y
460 559 514 613 de
526 536 729 632 Elisabeth
735 539 932 620 defuncts
946 547 1017 607 ab
997 539 1221 632 francisca
1237 534 1418 624 donsella
1417 522 1539 617 filla
1553 536 1599 582 de
1617 520 1793 584 Matheu
1802 522 1920 590 ortiz
1919 530 1995 603 pa=

406 661 499 744 ges
498 669 546 729 y
558 650 612 702 de
611 635 772 727 Juana

419 730 486 788 dit
492 736 561 784 dia
573 713 725 775 rebere
730 721 782 775 de
798 692 981 771 Bernat
984 694 1198 765 Xivaller
1186 692 1383 779 frances
1391 701 1509 754 criat
1512 694 1590 754 del
1594 675 1659 757 Sr
1637 688 1774 776 font
1775 679 1985 753 habitant

420 844 482 888 en
500 789 661 892 Bara
662 802 731 867 ab
744 796 1011 886 Mariangela
1020 789 1194 888 donsella
1195 783 1309 882 filla
1315 789 1364 847 de
1365 777 1541 851 Andreu
1548 777 1776 847 Sarradell
1784 771 1968 866 tapiner

429 912 474 961 de
481 889 630 969 Bara
635 918 680 980 y
690 900 739 953 de
767 875 1029 982 Marian#na
1045 873 1236 961 defuncts

427 995 491 1053 dit
496 993 564 1050 dia
574 975 714 1046 rebere
726 989 779 1048 de
776 977 916 1078 feliu
942 968 1065 1044 Lledo
1071 977 1189 1030 viudo
1193 985 1330 1069 pages
1342 958 1532 1032 habitant
1544 983 1602 1026 en
1620 939 1781 1034 Bara
1769 958 1840 1021 ab
1841 950 2023 1013 Maria

433 1085 619 1177 donsella
633 1077 745 1165 filla
763 1081 813 1138 de
805 1060 916 1167 Jua
932 1053 1097 1136 Portell
1102 1083 1223 1163 pages
1241 1070 1290 1125 de
1298 1041 1379 1123 St
1353 1058 1480 1146 Julia
1502 1056 1551 1117 de
1569 1033 1789 1152 Argentona
1773 1070 1840 1134 y
1855 1056 1911 1109 de
1937 1039 1968 1102 t

422 1176 487 1240 dit
496 1181 562 1231 dia
576 1162 707 1231 rebere
715 1185 764 1234 de
776 1156 884 1231 Pere
892 1149 991 1229 Pau
1007 1162 1181 1225 Cardona
1195 1157 1375 1258 flaquer
1392 1160 1442 1219 de
1458 1135 1608 1238 Bara
1590 1153 1707 1250 fill
1719 1162 1770 1213 de
1790 1139 1993 1240 Raphel

439 1264 625 1329 Cardona
643 1259 884 1360 assaonador
898 1280 954 1342 y
967 1255 1027 1319 de
1081 1264 1109 1317 t
1247 1253 1444 1338 defuncts
1468 1251 1530 1308 ab
1559 1234 1856 1339 Montserrada
1866 1239 2019 1298 viuda

433 1374 482 1433 de
513 1355 686 1456 Gabriel
719 1338 884 1421 Torras
900 1341 1071 1413 hortola
1092 1351 1211 1410 mori
1214 1366 1285 1408 en
1312 1315 1474 1425 Bara

427 1457 491 1516 dit
490 1449 569 1518 dia
580 1440 714 1514 rebere
726 1453 766 1504 de
784 1440 952 1502 Climent
972 1434 1118 1502 Llobet
1125 1442 1379 1541 passamaner
1386 1421 1587 1495 habitant
1601 1447 1656 1487 en
1679 1401 1819 1498 Bara
1813 1420 1939 1483 viudo
1948 1424 2010 1483 ab

433 1542 699 1639 Magdalena
719 1542 855 1602 viuda
864 1542 924 1602 de
934 1515 1200 1599 Barthomeu
1222 1515 1391 1587 Nonas
1405 1521 1617 1608 batifuller
1618 1525 1732 1581 mori
1740 1538 1791 1577 en
1798 1503 1959 1602 Bara

437 1634 590 1701 dilluns
601 1654 638 1697 a
654 1644 729 1716 29
749 1619 886 1695 rebere
887 1638 941 1691 de
946 1613 1048 1693 Pau
1071 1625 1210 1714 Sayol
1213 1636 1351 1730 pages
1361 1625 1417 1695 de
1424 1602 1591 1689 Alella
1590 1609 1697 1706 fill
1704 1615 1755 1674 de
1763 1596 1968 1682 Bernat

433 1727 581 1824 Sayol
591 1744 722 1834 pages
723 1752 777 1811 y
793 1736 847 1793 de
860 1711 1013 1793 Anna
1024 1727 1101 1791 ab
1117 1719 1339 1789 Catherina
1353 1715 1522 1809 donsella
1527 1715 1644 1805 filla
1653 1719 1705 1776 de
1708 1717 1861 1797 jaume
1870 1709 1997 1772 Sala

437 1844 564 1932 pages
586 1833 634 1893 de
645 1827 737 1890 dita
744 1819 966 1926 parrochia
978 1841 1032 1907 y
1047 1823 1101 1882 de
1121 1810 1358 1882 Catherina

433 1925 510 1994 dit
524 1925 594 1992 dia
612 1910 754 1994 rebere
772 1919 825 1976 de
839 1885 954 1982 Pere
978 1904 1154 2015 Lerissa
1169 1908 1358 2015 traginer
1371 1912 1425 1976 de
1420 1906 1604 1998 fransa
1620 1892 1823 1967 habitant
1828 1917 1886 1961 en
1893 1869 2050 1980 Bara

435 2016 501 2086 ab
513 1993 697 2080 Beneta
709 2008 891 2105 donsella
894 2010 1013 2107 filla
1028 2012 1086 2075 de
1102 2002 1280 2107 Guillem
1304 1993 1507 2078 Manalt
1515 1996 1656 2092 fuster
1664 1991 1720 2057 de
1731 1970 1888 2074 Bara
1889 1973 2019 2074 defuct

397 2125 468 2198 y
483 2112 533 2173 de
559 2085 768 2188 Elisabeth

418 2187 493 2258 dit
509 2189 590 2254 dia
606 2183 758 2254 rebere
770 2189 823 2252 de
841 2174 971 2273 Magi
978 2181 1093 2252 Vern
1106 2193 1255 2283 mestre
1271 2191 1322 2250 de
1329 2193 1442 2281 cases
1453 2178 1661 2252 habitant
1664 2208 1724 2246 en
1738 2172 1920 2248 Collbato
1912 2181 2023 2271 fill

425 2295 482 2354 de
490 2268 592 2352 Pere
618 2270 735 2346 Vern
751 2289 888 2373 mestre
906 2276 956 2338 de
965 2282 1084 2373 cases
1094 2305 1149 2348 en
1163 2282 1316 2379 Castell
1289 2276 1480 2373 seserra
1489 2270 1684 2342 habitant
1681 2303 1732 2362 y
1748 2276 1802 2342 de
1820 2276 2052 2346 Catherina

425 2361 615 2450 defuncta
650 2365 718 2429 ab
715 2365 855 2458 Luysa
883 2365 1076 2466 donsella
1077 2353 1189 2458 filla
1203 2372 1257 2433 de
1249 2361 1387 2458 Juan
1403 2376 1461 2427 de
1479 2357 1656 2433 Convien
1637 2368 1827 2458 sabater
1837 2365 2044 2431 habitant

431 2484 487 2529 en
500 2453 682 2529 Collbato
715 2459 888 2550 defunct
894 2488 954 2550 y
961 2463 1015 2529 de
1005 2461 1191 2550 Juana

408 2538 628 2626 Dimecres
650 2580 684 2620 a
698 2553 768 2616 31
787 2542 943 2618 rebere
953 2559 1008 2618 de
1020 2532 1141 2622 Pere
1148 2532 1368 2608 Texidor
1365 2559 1503 2643 pages
1512 2534 1709 2608 habitant
1712 2565 1774 2604 en
1792 2519 1949 2620 Bara
1931 2526 2033 2620 fill

427 2650 482 2712 de
494 2634 659 2714 Antich
673 2628 884 2708 Texidor
890 2653 1034 2741 pages
1049 2650 1105 2710 de
1123 2628 1295 2739 Gerona
1296 2657 1351 2722 y
1348 2642 1402 2699 de
1401 2630 1640 2730 francesca
1658 2623 1865 2710 defuncts
1868 2628 1941 2687 ab
1916 2617 2092 2712 Juana

433 2738 583 2801 viuda
595 2733 655 2799 de
675 2700 794 2801 Pere
808 2711 939 2832 Puig
953 2733 1147 2838 hostaler
1153 2742 1208 2799 de
1218 2705 1404 2814 Bara

425 2837 504 2905 dit
517 2831 600 2899 dia
618 2819 783 2897 rebere
797 2842 859 2899 de
881 2831 1061 2930 Gabriel
1087 2823 1293 2899 Monner
1302 2844 1497 2922 parayre
1506 2829 1560 2888 de
1567 2819 1852 2920 Sparaguera
1851 2798 1966 2905 fill
1965 2817 2023 2876 de

420 2913 590 2988 Antoni
612 2904 823 2988 Monner
824 2937 1032 3036 parayre
1031 2948 1090 3009 y
1100 2929 1156 2988 de
1165 2921 1358 3015 Justina
1350 2914 1562 3003 defuncta
1578 2914 1646 2976 ab
1666 2908 1896 2978 Catherina
1919 2898 2092 3003 dosella

431 3002 545 3096 filla
563 3014 617 3071 de
631 3000 794 3074 Antoni
808 2993 947 3077 Prats
951 3027 1141 3113 parayre
1157 3014 1206 3071 de
1218 3004 1309 3069 dita
1310 3004 1421 3063 vila
1441 2996 1598 3077 defunct
1588 3023 1646 3082 y
1666 2993 1732 3063 de
1738 2983 1972 3057 Catherina

427 3095 497 3167 dit
524 3093 596 3154 dia
608 3083 756 3157 rebere
767 3101 821 3161 de
831 3083 1002 3161 Antoni
1020 3089 1139 3150 Cabot
1138 3087 1295 3178 fuster
1300 3091 1354 3146 de
1367 3076 1621 3148 Llavaneres
1637 3070 1736 3161 fill
1742 3079 1800 3134 de
1811 3058 2025 3140 Thomas

433 3180 558 3263 Cabot
557 3178 718 3275 fuster
696 3208 764 3271 y
778 3185 830 3244 de
847 3166 1044 3248 Antonia
1064 3170 1276 3267 defuncta
1292 3164 1368 3227 ab
1376 3156 1541 3230 Maria
1548 3160 1741 3252 donsella
1744 3145 1879 3252 filla
1900 3152 1991 3215 de

429 3268 670 3371 Hieronym
698 3260 863 3337 Morera
864 3276 1002 3373 pages
1020 3276 1076 3337 de
1081 3268 1181 3334 dita
1188 3245 1425 3371 parrochia
1420 3282 1486 3344 y
1494 3256 1556 3323 de
1569 3232 1755 3325 Eularia
1780 3247 2025 3344 defuncta
