2690 3794
398 299 607 378 Divendres
625 335 661 370 a
679 321 762 376 20
772 306 911 370 rebere
928 314 979 369 de
1000 297 1160 396 Esteva
1178 314 1319 402 #
1321 310 1567 406 Xampeus
1580 314 1743 376 texidor
1756 313 1804 374 de
1817 314 1877 374 lli
1890 309 1975 375 del

420 383 584 483 Regne
592 401 646 460 de
648 391 827 488 fransa
839 389 1043 459 habitant
1057 416 1118 458 en
1139 365 1304 481 Bara
1308 399 1376 460 ab
1394 386 1609 474 Elisabeth
1613 400 1786 482 donsella
1787 393 1969 498 filla

414 500 463 553 de
697 488 853 589 Gerves
869 509 1001 598 pages
1016 497 1088 557 del
1096 486 1207 550 lloch
1220 489 1280 550 de
1295 482 1414 546 Cava
1428 475 1568 573 bisbat
1579 488 1626 540 de
1643 475 1773 579 Urgell
1759 517 1817 574 y
1825 485 1875 552 de
1889 484 2028 582 Mag=

407 583 594 648 dalena
615 578 842 673 defuncts

413 672 586 757 dissapte
595 686 629 724 a
656 682 721 729 21
755 666 803 722 de
820 657 1029 751 Hyacinto
1056 638 1338 728 Barthomeu
1346 666 1486 763 pintor
1495 657 1700 729 habitant
1702 690 1764 730 en
1775 635 1930 743 Bara
1909 664 2016 747 fill

411 753 460 806 de
481 748 643 840 Gabriel
667 734 939 810 Barthomeu
949 751 1095 806 vedrier
1106 748 1157 805 de
1167 746 1357 839 Manresa
1346 779 1403 832 y
1419 753 1470 811 de
1476 749 1641 814 Victoria
1648 755 1845 839 defuncts
1863 747 1955 814 ab

411 828 623 919 Elisabeth
638 849 782 902 viuda
791 844 847 898 de
851 826 961 899 Pere
976 828 1123 903 Amat
1129 843 1385 931 pedrenyaler
1394 845 1449 905 de
1467 839 1624 906 Caldes

407 923 467 988 dit
473 928 543 988 dia
551 928 701 995 rebere
709 934 764 993 de
774 905 884 990 Pau
906 916 1084 1025 Rossell
1072 956 1245 1035 gerrer
1258 937 1311 999 de
1301 937 1488 1025 fransa
1504 924 1710 1000 habitant
1718 954 1777 998 en
1784 908 1945 1013 Bara

407 1009 480 1075 ab
497 994 708 1095 Elisabeth
723 1021 905 1100 donsella
905 1024 1045 1107 filla
1060 1029 1111 1087 de
1138 1024 1309 1125 Miquel
1324 1009 1472 1115 Arago
1474 1038 1673 1117 parayre
1683 1023 1740 1089 de
1764 1013 1905 1110 Lleyda
1918 1025 1969 1084 de=

380 1115 542 1196 funct
538 1141 604 1205 y
613 1121 663 1186 de
687 1107 943 1180 Catherina

396 1213 470 1287 dit
481 1214 559 1276 dia
579 1207 724 1282 rebere
740 1219 791 1283 de
810 1187 927 1281 Pere
945 1193 1061 1276 Ros
1077 1204 1312 1276 treballador
1326 1209 1373 1275 de
1368 1203 1564 1301 fransa
1580 1206 1784 1272 habitant
1796 1222 1862 1266 en
1868 1198 2000 1304 Gra=

400 1306 573 1369 nollers
590 1302 663 1368 ab
676 1291 888 1385 Elisabeth
906 1306 1095 1392 donsella
1090 1302 1214 1391 filla
1230 1306 1277 1364 de
1288 1294 1429 1389 Blasi
1435 1311 1566 1371 duran
1572 1327 1684 1404 pages
1698 1307 1746 1368 de
1761 1296 1878 1368 Corro
1886 1306 2028 1364 Devall

399 1406 562 1485 defunct
564 1430 615 1491 y
625 1412 670 1468 de
692 1390 839 1468 Catha

386 1495 462 1575 dit
469 1493 549 1572 dia
560 1488 722 1562 rebere
730 1493 794 1563 de
793 1473 952 1588 Genis
975 1475 1241 1569 Martorell
1244 1484 1418 1563 vedrier
1432 1493 1487 1562 de
1498 1467 1701 1559 Mataro
1685 1478 1807 1582 fill
1809 1495 1859 1556 de
1864 1463 2019 1582 Esteva

400 1583 656 1657 Martorell
652 1575 824 1684 fuster
827 1580 1036 1676 defunct
1020 1607 1094 1679 y
1093 1588 1157 1660 de
1146 1577 1352 1662 Violant
1362 1581 1447 1651 ab
1453 1579 1726 1681 Margarida
1734 1579 1904 1671 dosella
1893 1572 2027 1665 filla

391 1687 467 1758 de
455 1653 571 1755 Pere
579 1668 777 1785 Lluquer
779 1669 949 1774 mestre
962 1671 1014 1737 de
1020 1669 1152 1772 cases
1131 1702 1202 1770 y
1208 1675 1265 1746 de
1282 1670 1534 1766 Margarida
1549 1652 1712 1764 defucta
1715 1678 1798 1743 tots
1793 1669 1852 1737 de
1851 1671 1952 1741 dita

393 1764 647 1875 parrochia

394 1847 574 1951 Diumege
588 1877 624 1918 a
633 1865 703 1911 22
722 1838 863 1912 rebere
878 1857 930 1912 de
940 1847 1148 1910 Salvador
1138 1841 1301 1932 fexes
1308 1853 1443 1905 notari
1456 1842 1507 1909 de
1525 1832 1598 1906 St
1592 1840 1728 1904 Seloni
1728 1839 1856 1902 viudo
1871 1837 1936 1897 ab

388 1948 527 2019 Anna
549 1931 773 2042 Puigmari
785 1947 948 2035 dosella
958 1929 1059 2025 filla
1073 1945 1123 1998 de
1131 1943 1285 2001 Damia
1312 1916 1528 2038 Puigmari
1539 1934 1729 2030 cilurgia
1738 1937 1792 2002 de
1795 1928 1981 2030 Hostal=

392 2038 498 2107 rich
510 2041 689 2133 defunct
696 2059 734 2139 y
742 2037 794 2097 de
818 2014 1040 2119 Elisabeth

391 2135 456 2195 dit
458 2134 528 2197 dia
534 2125 664 2190 rebere
681 2131 731 2196 de
743 2120 919 2191 Antoni
924 2106 1127 2217 Puiguert
1140 2135 1261 2216 pages
1283 2117 1502 2190 habitant
1513 2141 1577 2181 en
1589 2098 1740 2202 Bara
1725 2120 1824 2207 fill
1838 2115 1913 2184 de

376 2211 485 2311 Jua
501 2195 715 2314 Puiguert
727 2233 847 2316 pages
862 2217 930 2277 del
934 2229 1072 2272 terme
1073 2241 1125 2303 y
1132 2222 1281 2305 Castell
1290 2209 1347 2277 de
1362 2191 1587 2296 Pallafols
1615 2202 1744 2309 bisbat
1747 2214 1803 2275 de
1817 2208 1974 2296 Girona

392 2312 562 2404 defunct
555 2332 615 2399 y
633 2310 682 2371 de
714 2300 989 2397 Hieronyma
1034 2306 1099 2365 ab
1118 2298 1392 2393 Maryanna
1410 2304 1563 2359 viuda
1578 2304 1640 2358 de
1641 2293 1810 2396 Gabriel
1824 2291 2007 2364 Mataro

398 2405 446 2464 de
454 2406 503 2461 la
515 2401 620 2462 vila
626 2396 678 2461 de
677 2398 838 2492 Verges
850 2397 915 2461 del
919 2384 1007 2457 dit
1021 2386 1175 2497 bisbat

390 2488 542 2555 dilluns
561 2516 595 2551 a
617 2495 720 2558 23
740 2485 888 2555 rebere
904 2491 950 2552 de
960 2499 1111 2583 jaume
1125 2480 1313 2551 Terrida
1331 2494 1486 2582 rajoler
1501 2490 1558 2552 de
1568 2478 1793 2551 Monmelo
1798 2493 1935 2547 viudo

387 2589 449 2648 ab
469 2560 627 2648 Paula
635 2585 779 2649 viuda
794 2593 844 2649 de
878 2595 919 2649 t
976 2572 1189 2647 Auladell
1188 2596 1327 2677 pages
1346 2592 1399 2648 de
1406 2570 1488 2641 St
1488 2586 1619 2668 Julia
1637 2584 1691 2651 de
1712 2582 1943 2670 Montseny

383 2681 567 2746 Dimecres
577 2698 606 2735 a
632 2668 717 2750 25
721 2664 874 2734 rebere
876 2673 933 2738 de
915 2664 1029 2760 Jua
1042 2658 1216 2758 Alsina
1227 2659 1379 2727 hortola
1388 2666 1470 2733 del
1458 2682 1606 2759 regne
1605 2673 1670 2742 de
1652 2672 1829 2776 fransa
1835 2661 1964 2748 habi=

393 2769 498 2825 tant
502 2787 561 2825 en
573 2758 762 2828 Mataro
776 2763 841 2821 ab
851 2737 1002 2822 Paula
1015 2755 1217 2854 donsella
1218 2757 1358 2848 filla
1369 2762 1426 2817 de
1441 2753 1596 2848 Llatser
1611 2760 1734 2822 Cabot
1751 2766 1926 2822 texidor

385 2859 434 2919 de
450 2848 503 2915 lli
522 2859 576 2917 de
588 2845 660 2914 St
670 2831 860 2910 Andreu
879 2853 929 2909 de
943 2845 1208 2921 llavaneres
1230 2847 1423 2929 defunct
1415 2872 1467 2945 y
1474 2849 1532 2905 de
1551 2842 1773 2941 Speransa

376 2928 509 3017 Dijous
519 2957 551 2994 a
565 2939 654 3000 26
663 2928 799 3002 rebere
801 2942 865 3005 de
868 2918 1162 3004 Barthomeu
1170 2908 1298 3004 Pere
1317 2936 1442 3033 Gual
1437 2942 1608 3009 texidor
1608 2941 1667 3011 de
1668 2942 1826 3012 llana
1835 2942 1913 3011 de

385 3007 538 3112 Bara
535 3032 666 3094 viudo
684 3030 757 3095 ab
778 3022 1058 3136 Margarida
1056 3021 1203 3091 viuda
1214 3033 1263 3094 de
1286 3013 1390 3088 Pere
1386 3023 1564 3116 ferrer
1580 3022 1829 3091 treballador
1838 3026 1957 3095 mori

387 3136 446 3178 en
471 3103 731 3213 Montalegre
755 3115 1019 3206 Archebisbat
1032 3119 1084 3181 de
1109 3113 1372 3217 Tarragona
