2690 3794
375 310 586 396 Dimecres
598 343 638 383 a
653 332 692 383 5
701 308 845 383 rebere
860 321 913 380 de
921 296 1075 405 Phelip
1085 298 1287 401 Busquets
1301 319 1437 398 daguer
1452 312 1512 378 de
1527 289 1676 392 Bara
1664 323 1742 401 fill
1752 328 1796 380 de
1791 303 1892 403 Joa
1891 298 2006 383 Bus=

405 422 522 520 quets
525 415 672 511 fuster
687 404 863 491 defunct
860 424 913 491 y
915 404 979 468 de
987 386 1129 466 Anna
1151 402 1225 463 ab
1236 402 1362 472 Oliva
1365 413 1548 499 donsella
1552 408 1667 499 filla
1686 418 1735 470 de
1741 393 1840 475 Pere
1859 402 2020 499 Vaquer

389 519 558 610 forner
568 512 622 576 de
637 483 790 587 Bara
773 519 824 578 y
830 492 888 562 de
901 481 1118 592 Elisabeth
1140 492 1341 585 defuncts

400 613 540 699 Dijous
550 627 590 670 a
603 600 651 668 6
653 593 799 666 rebere
801 611 859 668 de
858 577 1120 664 Barthomeu
1135 570 1287 657 Rodon
1291 570 1465 672 pescador
1469 585 1536 657 de
1535 566 1600 659 St
1601 557 1758 655 Andreu
1770 572 1833 651 de
1843 553 2055 653 llevaneres

402 698 490 792 fill
507 707 561 765 de
566 676 686 762 Pere
687 669 845 762 Rodon
848 694 969 786 pages
972 705 1031 782 y
1031 692 1093 756 de
1113 674 1268 749 Maria
1297 667 1366 740 ab
1368 667 1537 771 Antiga
1545 674 1742 767 donsella
1734 665 1863 769 filla
1882 667 1965 729 de

407 813 515 897 joan
525 791 658 855 Sans
652 779 837 885 pescador
837 780 1014 870 defunct
1001 802 1061 859 y
1060 777 1123 844 de
1133 768 1375 861 Maryanna
1386 766 1475 832 tots
1488 770 1548 832 de
1556 761 1651 825 dita
1654 750 1903 861 parrochia

395 896 472 963 Dit
475 899 547 956 dia
553 880 690 956 rebere
694 887 756 949 de
742 880 870 971 Joan
876 858 997 969 Puig
1006 876 1134 965 pages
1142 867 1193 938 de
1204 856 1305 963 #
1304 847 1373 920 St
1347 858 1482 958 Iscla
1495 865 1544 927 de
1549 856 1630 924 las
1625 858 1762 954 fexes
1766 856 1899 920 viudo
1905 851 1983 918 ab

416 968 601 1053 Eularia
607 982 749 1043 viuda
767 973 824 1039 de
823 977 947 1070 joan
946 962 1120 1037 Duran
1124 970 1259 1064 pages
1270 959 1325 1021 de
1340 948 1503 1021 Mollet

402 1074 497 1147 Dit
503 1079 588 1140 dia
596 1065 743 1136 rebere
751 1069 806 1136 de
812 1072 970 1158 jaume
983 1038 1157 1127 Badia
1161 1065 1346 1169 pescador
1345 1058 1428 1127 del
1427 1079 1560 1156 regne
1561 1060 1617 1120 de
1613 1052 1792 1140 frança
1804 1031 1988 1120 habitat

416 1189 474 1230 en
491 1162 649 1234 Tiana
671 1162 740 1228 ab
746 1141 936 1223 Eularia
937 1155 1095 1223 viuda
1113 1166 1173 1226 de
1179 1144 1337 1257 Guille
1331 1152 1585 1253 Casanoves
1597 1168 1778 1259 traginer
1793 1157 1851 1216 de
1868 1135 2006 1239 Taya

400 1265 483 1338 Dit
491 1269 574 1331 dia
580 1252 724 1327 rebere
730 1263 786 1324 de
796 1233 984 1324 Bernat
1001 1252 1189 1324 Sabater
1190 1252 1348 1352 forner
1349 1249 1430 1316 del
1424 1272 1555 1349 regne
1556 1261 1614 1316 de
1607 1245 1792 1338 frança
1802 1240 2006 1316 habitant

405 1380 463 1430 en
475 1332 633 1439 Bara
632 1351 702 1421 ab
708 1348 925 1441 Constansa
935 1352 1084 1416 viuda
1099 1359 1157 1414 de
1156 1355 1273 1452 joan
1290 1321 1441 1439 Roger
1434 1351 1598 1441 forner
1611 1352 1667 1412 de
1672 1319 1833 1428 Bara

400 1459 480 1525 Dit
485 1462 554 1520 dia
562 1451 700 1525 rebere
707 1462 763 1525 de
778 1445 903 1520 Lluis
915 1440 1152 1525 Llobateres
1168 1456 1344 1544 calsater
1360 1451 1415 1514 de
1425 1448 1583 1544 agulla
1595 1443 1676 1509 del
1664 1464 1797 1544 regne
1804 1445 1860 1509 de
1862 1424 2008 1528 fraça

411 1543 615 1620 habitant
630 1573 694 1622 en
706 1530 865 1635 Bara
864 1552 934 1624 ab
958 1544 1243 1651 Magdalena
1261 1547 1458 1646 donsella
1463 1554 1584 1653 filla
1604 1549 1677 1618 de
1714 1550 1776 1626 t
1795 1544 2026 1657 Campana

411 1640 546 1761 pages
545 1651 713 1755 defunct
707 1667 771 1736 y
773 1648 834 1712 de
855 1651 889 1706 t

386 1754 612 1823 Divendres
622 1754 678 1825 a
677 1756 732 1825 7
735 1733 884 1808 rebere
889 1731 956 1806 de
959 1716 1199 1823 Hieronym
1209 1724 1391 1801 Colomer
1376 1724 1542 1823 sastre
1545 1722 1617 1793 de
1620 1695 1750 1780 Ribes
1755 1706 1944 1781 habitant
1950 1731 2006 1787 en

400 1822 565 1926 Bara
559 1830 667 1928 fill
663 1841 727 1904 de
737 1808 922 1904 Pheliu
937 1827 1128 1904 Colomer
1132 1849 1325 1942 parayre
1321 1849 1377 1910 y
1384 1822 1440 1893 de
1445 1797 1665 1885 Andreua
1672 1814 1882 1904 defuncts
1900 1803 1980 1874 ab

411 1938 672 2010 Marianna
680 1930 873 2031 donsella
869 1925 1004 2031 filla
1022 1938 1081 1999 de
1094 1922 1325 2026 francesch
1338 1914 1468 1988 Creus
1472 1919 1627 2018 paller
1626 1906 1810 2001 defunct
1785 1936 1851 2001 y
1859 1911 1912 1975 de
1900 1903 2033 2007 joana

386 2036 472 2102 Dit
471 2033 549 2099 dia
553 2022 694 2096 rebere
693 2030 766 2094 del
773 2009 848 2094 Sr
827 2022 1059 2121 francesch
1072 2025 1119 2088 de
1121 2011 1339 2091 Tamarit
1340 2019 1495 2110 donsell
1491 2030 1555 2077 en
1571 1984 1709 2091 Bara
1716 2003 1958 2075 domiciliat

389 2125 480 2213 fill
490 2125 563 2194 del
572 2103 653 2188 Sr
652 2098 788 2194 Perot
795 2128 848 2191 de
858 2112 1084 2194 Tamarit
1094 2117 1251 2215 donsell
1268 2112 1432 2201 defunct
1431 2126 1488 2190 y
1496 2109 1555 2171 de
1570 2095 1627 2166 la
1636 2085 1754 2170 Sra
1750 2085 2033 2192 Maryanna

402 2209 469 2283 ab
479 2214 533 2280 la
532 2200 644 2296 Sra
641 2190 936 2313 Raymunda
951 2212 1147 2308 donsella
1148 2206 1278 2297 filla
1294 2203 1380 2270 del
1384 2171 1462 2261 Sr
1469 2182 1706 2291 Hieronym
1722 2176 1835 2267 Del
1831 2187 1969 2305 bosch

405 2301 615 2418 Vilagaya
617 2339 672 2405 y
693 2307 851 2397 Corbera
866 2304 1023 2408 donsell
1031 2323 1100 2373 en
1118 2296 1237 2394 bara
1242 2296 1484 2370 domiciliat
1494 2293 1673 2397 defunct
1672 2315 1728 2380 y
1735 2290 1797 2365 de
1812 2288 1884 2365 la
1888 2269 1994 2374 Sra

362 2404 543 2540 Isabel
545 2412 713 2513 Joana
721 2401 820 2475 Del
822 2396 966 2505 bosch

389 2499 469 2570 Dit
477 2507 554 2568 dia
567 2496 716 2570 rebere
721 2510 771 2570 de
781 2499 947 2573 Antoni
957 2485 1106 2573 Valls
1113 2499 1248 2600 pages
1264 2499 1322 2559 de
1329 2480 1437 2554 Sau
1456 2447 1635 2584 Bisbat
1650 2485 1714 2551 de
1724 2461 1846 2543 Vich
1862 2477 1986 2543 habi=

402 2602 505 2665 tant
518 2623 582 2665 en
619 2577 905 2706 Argentona
910 2591 1032 2697 fill
1044 2596 1108 2668 de
1129 2558 1443 2668 Barthomeu
1458 2577 1599 2662 Valls
1606 2591 1758 2687 pages
1754 2610 1816 2684 y
1828 2577 1887 2651 de
1897 2574 1969 2649 Ca=

392 2696 582 2776 therina
606 2691 826 2808 defuncts
836 2694 916 2768 ab
924 2683 1174 2808 Elisabeth
1181 2699 1391 2811 donsella
1401 2694 1528 2800 filla
1543 2696 1607 2765 de
1628 2672 1805 2808 Miql
1793 2694 2058 2800 Quintana

383 2824 442 2901 y
457 2799 631 2920 Staper
638 2818 785 2928 pages
800 2813 870 2879 de
888 2788 1166 2922 Argentona
1157 2826 1223 2898 y
1244 2807 1306 2882 de
1313 2783 1517 2890 Eleonor

364 2891 456 2976 Dit
471 2908 546 2976 dia
567 2905 771 2984 reberem
797 2921 862 2984 de
861 2905 1103 3011 Hyacinto
1124 2889 1339 2992 Arenas
1338 2951 1402 3022 y
1412 2883 1566 3001 Artes
1576 2929 1720 3036 pages
1735 2929 1791 2998 de
1804 2902 1887 2998 St
1875 2894 1999 3001 An=

364 2994 480 3082 dreu
498 3010 563 3082 de
575 2975 823 3085 Palomar
814 3005 941 3114 fill
951 3019 1015 3093 de
1028 3002 1229 3093 Antich
1239 2997 1435 3101 Arenas
1420 3043 1492 3125 y
1499 3002 1657 3106 Artes
1667 3029 1813 3139 pages
1804 3067 1884 3136 y
1892 3038 1969 3109 de

386 3092 590 3217 Angela
619 3105 864 3217 defuncts
888 3113 968 3190 ab
984 3108 1298 3233 Margarida
1302 3108 1528 3231 donsella
1521 3116 1668 3242 filla
1689 3119 1755 3201 de
1768 3119 1978 3247 Gabriel

392 3214 516 3293 Oller
540 3189 653 3299 als
657 3214 820 3296 Vilar
822 3249 892 3318 y
904 3222 968 3299 de
995 3197 1295 3331 Margarida
1307 3222 1553 3337 defuncts
