2690 3794
421 342 653 420 Divendres
666 373 707 412 a
723 373 775 412 10
791 339 937 408 rebere
943 351 995 412 de
990 351 1131 447 Juan
1143 336 1322 412 Ricart
1338 361 1480 457 pages
1502 358 1556 420 de
1546 361 1736 456 fransa
1758 352 1981 418 habitant

444 471 498 517 en
515 420 607 512 St
584 442 735 532 feliu
748 449 801 501 de
825 435 1029 525 Llobregat
1042 430 1118 496 ab
1134 430 1339 521 Elisabeth
1356 440 1481 537 Gasso
1489 450 1637 508 viuda
1644 449 1700 504 de
1687 442 1833 526 Juan
1835 433 1971 538 Gasso

444 538 594 596 texidor
606 531 659 590 de
667 530 726 591 lli

444 616 513 686 dit
529 617 603 675 dia
609 607 750 675 rebere
759 612 817 669 de
830 581 942 669 Pere
950 596 1129 665 Subira
1139 620 1263 696 pages
1281 605 1327 661 de
1345 591 1498 667 Caldes
1513 581 1753 689 Destarach
1760 600 1887 658 viudo
1899 589 1984 655 ab

450 699 719 793 Margarida
738 698 933 779 donsella
931 688 1060 781 filla
1084 693 1135 756 de
1157 677 1326 756 Benet
1341 673 1489 773 Escola
1502 698 1624 787 pages
1645 693 1698 740 de
1701 659 1890 744 Pineda
1901 669 2034 766 bisbat

452 805 499 858 de
514 792 678 896 Girona
677 820 730 907 y
739 798 801 861 de
828 781 1090 879 Eufrasina

447 892 520 963 dit
541 903 622 957 dia
636 879 786 958 rebere
793 895 845 949 de
842 886 978 978 Juan
990 856 1262 982 Passanant
1281 881 1481 958 calsater
1488 876 1539 939 de
1537 864 1737 965 fransa
1756 857 1982 926 habitant

446 1014 501 1059 en
510 969 672 1074 Bara
681 986 747 1047 ab
766 983 922 1047 Maria
934 979 1129 1059 donsella
1123 969 1251 1059 filla
1274 975 1325 1034 de
1329 953 1499 1032 Antoni
1520 966 1720 1079 Company
1721 977 1918 1061 parayre
1936 951 1993 1018 de

442 1071 590 1168 Bara
585 1112 642 1170 y
653 1083 705 1150 de
722 1077 907 1164 Casilda
923 1077 1150 1163 defuncta

438 1184 507 1246 dit
523 1182 590 1245 dia
597 1178 739 1248 rebere
746 1188 796 1245 de
796 1170 1023 1272 francesch
1041 1147 1269 1237 Barrera
1287 1166 1433 1251 sastre
1443 1153 1642 1222 habitant
1648 1181 1704 1219 en
1713 1118 1881 1242 Bara
1878 1144 1993 1232 fill

436 1289 489 1345 de
511 1252 619 1337 Pere
637 1244 870 1341 Barrera
872 1274 1029 1362 sastre
1036 1265 1086 1328 de
1106 1256 1309 1358 Castellbo
1328 1253 1460 1356 bisbat
1477 1259 1529 1316 de
1538 1237 1679 1348 Urgell
1682 1248 1877 1309 habitant
1891 1258 1994 1306 en

442 1352 577 1454 Bara
562 1397 619 1450 y
630 1373 672 1430 de
691 1363 895 1450 Elisabeth
910 1365 1105 1440 defuncta
1119 1361 1188 1420 ab
1200 1336 1396 1437 Elisabeth
1390 1343 1567 1452 Juana
1572 1345 1731 1446 dosella
1724 1336 1865 1435 filla
1880 1344 1930 1404 de
1913 1323 2033 1426 Jua

446 1470 602 1531 Simon
616 1440 780 1522 Pedros
783 1474 912 1550 pages
929 1457 984 1520 de
1013 1437 1181 1516 Tudela
1187 1445 1334 1546 bisbat
1350 1453 1407 1514 de
1408 1440 1543 1545 Urgell
1559 1444 1728 1528 defunct
1712 1466 1779 1529 y
1785 1449 1840 1510 de
1816 1443 2041 1539 Juana

440 1562 632 1655 dissapte
660 1579 695 1620 a
716 1574 760 1619 11
779 1535 959 1623 rebere
972 1557 1021 1615 de
1010 1552 1205 1654 Jaume
1226 1548 1350 1620 Mas
1354 1561 1497 1659 pages
1506 1558 1559 1619 de
1575 1530 1663 1616 St
1643 1537 1822 1637 Climent
1833 1544 1886 1607 de
1908 1524 2025 1605 Llo=

442 1650 583 1747 bregat
591 1648 724 1713 viudo
740 1641 814 1706 ab
828 1636 1106 1740 Margarida
1122 1642 1283 1738 dosella
1290 1644 1418 1737 filla
1434 1645 1495 1712 de
1503 1619 1648 1716 Benet
1656 1632 1764 1715 Via
1773 1648 1926 1754 pages
1922 1636 2001 1712 de

445 1736 559 1811 Sta
540 1744 719 1830 Coloma
735 1739 789 1799 de
802 1728 986 1803 Cervello
993 1763 1054 1821 y
1073 1732 1131 1803 de
1244 1737 1325 1800 t
1407 1732 1634 1816 defuncta

446 1832 519 1901 dit
527 1833 607 1895 dia
624 1821 784 1896 rebere
782 1840 837 1899 de
858 1805 959 1896 Pau
968 1814 1068 1893 St
1024 1833 1197 1933 jaume
1223 1846 1449 1899 tavarner
1456 1829 1511 1893 de
1532 1792 1693 1920 Bara
1687 1826 1813 1886 viudo
1818 1818 1894 1887 ab
1893 1786 2073 1886 Paula

441 1918 583 1986 viuda
605 1932 663 1990 de
681 1916 868 2021 Miquel
886 1918 1098 1991 Salines
1092 1925 1241 2012 sastre
1257 1925 1314 1987 de
1325 1898 1493 2008 Bara

440 2008 504 2077 dit
507 2018 581 2080 dia
587 2008 724 2082 rebere
737 2028 787 2077 de
802 2014 968 2081 Matheu
985 2011 1142 2107 Guitart
1143 2007 1280 2113 pages
1287 2019 1334 2075 de
1349 1997 1425 2071 St
1415 2019 1514 2108 just
1530 2003 1704 2107 Desvern
1709 1996 1818 2096 fill
1825 2008 1873 2074 de
1877 2003 2004 2109 jaue

446 2108 610 2211 Guitart
622 2124 756 2213 pages
740 2132 804 2192 y
809 2116 861 2176 de
877 2098 1054 2178 Elienor
1074 2112 1269 2195 defuncts
1294 2107 1372 2176 ab
1349 2106 1585 2198 francisca
1610 2101 1864 2216 Camprecios
1869 2094 2029 2165 viuda

444 2215 499 2278 de
511 2189 705 2277 Andreu
725 2206 981 2319 Camprecios
984 2215 1113 2309 pages
1130 2220 1218 2277 tots
1238 2206 1299 2268 de
1330 2200 1437 2274 dita
1433 2189 1693 2312 parrochia

442 2295 513 2369 dit
522 2303 597 2366 dia
613 2296 764 2370 rebere
769 2311 823 2370 de
817 2305 980 2410 Joseph
999 2283 1245 2408 Argelagos
1252 2312 1404 2401 spaser
1412 2303 1464 2370 de
1476 2295 1648 2412 Girona
1660 2289 1851 2366 habitant
1871 2317 1968 2364 en

437 2377 597 2492 Bara
579 2398 697 2495 fill
708 2412 757 2467 de
776 2397 956 2508 Guerau
970 2382 1227 2509 Argelagos
1233 2395 1468 2467 sombrarer
1484 2401 1539 2464 de
1561 2391 1741 2512 Girona
1753 2386 1942 2487 defunct
1923 2412 1999 2476 y

445 2512 506 2575 de
515 2490 704 2571 Violant
737 2496 812 2564 ab
820 2494 1070 2568 Catherina
1098 2498 1291 2587 donsella
1285 2486 1424 2588 filla
1442 2495 1491 2557 de
1501 2503 1616 2590 juan
1636 2486 1770 2591 Cojet
1783 2487 2036 2602 assahona=

447 2596 520 2664 dor
518 2596 601 2693 de
627 2570 780 2684 Bara
796 2614 839 2695 y
847 2600 909 2661 de
951 2590 1236 2693 Magdalena

446 2675 507 2744 dit
517 2686 583 2744 dia
597 2683 726 2745 rebere
739 2696 787 2752 de
813 2670 976 2754 March
984 2686 1105 2749 Soler
1112 2685 1280 2745 sabater
1296 2687 1353 2741 de
1365 2659 1502 2761 Bara
1499 2678 1624 2735 viudo
1635 2672 1702 2740 ab
1719 2651 1959 2753 Elisabeth

434 2774 572 2831 viuda
585 2781 640 2836 de
639 2774 778 2873 Juan
794 2781 944 2879 Garau
942 2781 1150 2880 sparter
1165 2774 1227 2837 de
1248 2739 1396 2850 Bara

432 2867 598 2936 dilluns
606 2897 636 2932 a
661 2887 723 2954 13
729 2875 866 2948 rebere
886 2879 938 2942 de
962 2860 1075 2942 Pere
1085 2869 1262 2970 Nogues
1265 2890 1400 2975 pages
1414 2879 1493 2942 del
1501 2872 1607 2940 lloch
1614 2876 1672 2936 de
1687 2845 1965 2967 Balltarga

436 2961 596 3058 bisbat
616 2975 674 3036 de
678 2958 820 3068 Urgell
838 2966 1054 3040 habitant
1069 2988 1127 3040 en
1145 2966 1308 3067 Castell
1318 2962 1469 3065 bisbal
1459 2965 1588 3066 fill
1596 2984 1648 3041 de
1660 2953 1788 3045 Pere
1803 2974 2003 3076 Nogues

425 3094 577 3184 pages
595 3080 656 3151 de
673 3075 755 3146 dit
763 3073 887 3149 lloch
873 3110 934 3177 y
945 3096 1007 3158 de
1036 3078 1201 3157 Maria
1222 3078 1447 3175 defuncts
1458 3075 1536 3149 ab
1544 3083 1791 3150 Catherina
1803 3079 2030 3181 donsella

399 3176 554 3266 filla
585 3183 641 3246 de
647 3169 773 3281 Jua
790 3169 1017 3249 Ameller
1016 3200 1170 3291 pages
1194 3183 1257 3250 de
1270 3176 1452 3277 Castell
1470 3172 1614 3277 bisbal
1596 3205 1655 3263 y
1661 3192 1719 3250 de
1724 3194 1872 3284 juana
1888 3158 2055 3274 defucta

418 3276 484 3332 dit
490 3275 560 3328 dia
566 3267 696 3328 rebere
716 3275 762 3328 de
763 3268 913 3334 Valenti
923 3275 1093 3336 Colomer
1095 3295 1219 3362 pages
1233 3274 1417 3336 habitant
1423 3292 1486 3336 en
1482 3248 1680 3336 Pierola
1686 3276 1753 3333 ab
1758 3259 1982 3351 Elisabeth

421 3350 571 3419 Mates
587 3359 730 3444 dosella
748 3358 795 3412 de
804 3349 869 3408 dit
884 3344 982 3412 lloch
992 3354 1043 3411 de
1056 3337 1247 3414 Pierola
