2690 3794
392 297 607 376 Dimecres
614 330 654 369 a
667 327 718 370 10
740 300 867 367 rebere
879 308 930 367 de
929 290 1043 392 Jua
1050 298 1237 360 Alomar
1243 300 1373 360 corder
1384 305 1439 362 de
1448 297 1625 367 Mataro
1619 302 1717 387 fill
1728 308 1785 367 de
1796 302 1967 369 Vicens

416 397 581 457 Alomar
590 400 730 476 mestre
743 398 794 452 de
806 410 911 452 axa
932 391 991 452 de
990 393 1168 454 Mataro
1151 417 1210 471 y
1221 397 1276 455 de
1292 366 1495 450 Barbera
1516 395 1580 449 ab
1586 388 1854 467 Maryangela
1869 382 2023 462 dosella

406 492 532 578 filla
550 485 602 544 de
620 476 788 542 Antoni
799 459 925 574 Puig
920 476 1072 573 sastre
1082 483 1137 544 de
1148 481 1237 547 dita
1250 481 1350 549 vila
1348 505 1396 582 y
1398 481 1460 542 de
1478 473 1710 547 Catherina
1716 480 1927 560 defuncta

416 573 483 639 dit
493 575 562 630 dia
569 565 708 634 rebere
717 573 768 635 de
785 568 956 666 Guillem
967 561 1099 637 Aran
1111 572 1281 639 texidor
1282 578 1338 639 de
1353 568 1415 630 lli
1415 573 1474 635 de
1482 570 1647 640 Cervera
1665 572 1805 667 bisbat
1813 568 1868 628 de
1876 568 2059 656 Solsona

418 663 628 734 habitant
646 685 713 730 en
738 655 963 730 Martorell
962 651 1060 746 fill
1068 668 1119 729 de
1129 644 1323 725 Bernat
1341 649 1475 725 Aran
1485 675 1623 756 pages
1636 658 1691 720 de
1701 652 1895 726 Cervera
1898 673 1962 737 y
1964 658 2023 717 de

425 755 663 829 Catherina
682 758 892 840 defuncts
917 758 986 820 ab
999 750 1173 824 Elienor
1177 751 1323 820 viuda
1334 758 1390 820 de
1396 750 1571 856 Gabriel
1589 745 1740 812 Marti
1742 753 2003 846 passamaner

423 870 532 927 mori
533 875 598 921 en
606 830 763 946 Bara

418 946 471 1005 dit
482 952 550 1004 dia
554 942 688 1007 rebere
698 945 748 1007 de
748 943 887 1026 jaume
889 935 1003 1015 font
1019 931 1173 990 sabater
1191 933 1237 987 de
1258 916 1401 1023 Tremp
1405 924 1529 1021 bisbat
1544 929 1601 988 de
1594 923 1729 1026 Urgell
1740 926 1931 985 habitant
1940 942 2009 983 en

408 1023 572 1117 Bara
566 1035 666 1121 fill
684 1035 732 1094 de
741 1035 852 1111 juan
847 1025 979 1114 font
981 1031 1125 1109 mestre
1143 1028 1189 1087 de
1198 1031 1305 1117 cases
1325 1030 1378 1087 de
1372 1021 1518 1124 Tremp
1520 1049 1569 1104 y
1577 1028 1625 1089 de
1626 1031 1776 1117 juana
1797 1014 2007 1098 defuncts

420 1128 487 1188 ab
507 1130 657 1190 Maria
677 1128 848 1211 donsella
842 1120 977 1212 filla
988 1121 1038 1179 de
1050 1120 1248 1185 Salvador
1261 1099 1410 1187 Bonet
1421 1138 1611 1223 caputxer
1624 1118 1675 1180 de
1676 1101 1826 1197 Bara
1827 1104 2009 1183 defunct

394 1242 451 1301 y
462 1228 515 1280 de
531 1217 702 1279 Coloma

415 1320 475 1382 dit
489 1310 560 1372 dia
571 1298 706 1367 rebere
710 1308 760 1362 de
771 1293 930 1358 Antoni
938 1289 1086 1377 Scofet
1092 1305 1220 1394 pages
1235 1294 1284 1352 de
1296 1286 1355 1360 les
1377 1284 1561 1382 Gunyoles
1572 1281 1673 1363 fill
1679 1293 1727 1350 de
1746 1283 1899 1384 Gaspar
1914 1281 2052 1369 Scofet

411 1413 536 1506 pages
552 1398 607 1460 de
616 1396 685 1465 les
713 1383 909 1481 Gunyoles
908 1413 973 1482 y
992 1398 1051 1457 de
1056 1377 1218 1448 Violant
1231 1379 1307 1443 ab
1315 1366 1441 1445 Elena
1455 1381 1623 1459 donsella
1620 1376 1748 1463 filla
1766 1383 1818 1437 de
1839 1376 2030 1465 Sebastia

413 1491 614 1567 Ravella
621 1503 739 1582 pages
761 1493 810 1545 de
807 1480 1057 1567 Vilafranca
1078 1483 1131 1538 de
1143 1449 1354 1543 Panaders
1370 1473 1547 1555 defunct
1537 1491 1601 1559 y
1615 1469 1661 1531 de
1671 1459 1844 1562 Angela

415 1580 480 1647 dit
482 1583 555 1645 dia
564 1574 699 1642 rebere
703 1574 755 1638 de
759 1559 859 1636 Pau
861 1568 973 1636 #
985 1542 1130 1632 Blau
1148 1574 1330 1659 traginer
1337 1565 1390 1630 de
1402 1565 1611 1657 Terrassa
1626 1563 1821 1628 habitant
1829 1581 1885 1627 en
1896 1558 2010 1655 Gra=

409 1670 567 1735 nollers
562 1666 682 1754 fill
703 1665 760 1727 de
809 1673 847 1723 t
922 1681 989 1742 y
1011 1656 1073 1728 de
1090 1662 1142 1721 t
1231 1654 1315 1726 ab
1299 1653 1517 1740 francina
1530 1654 1710 1739 donsella
1701 1648 1837 1739 filla
1849 1653 1904 1717 de
1915 1639 2020 1721 Hie=

406 1783 563 1849 ronym
587 1760 751 1825 Carner
752 1773 888 1859 pages
915 1761 965 1820 de
978 1744 1058 1815 St
1052 1742 1222 1810 Andreu
1242 1749 1298 1808 de
1303 1729 1498 1813 Palomar
1495 1773 1550 1827 y
1563 1749 1614 1811 de
1626 1738 1798 1808 Eularia

402 1849 541 1934 Dijous
550 1873 588 1912 a
599 1868 642 1913 11
653 1848 784 1915 rebere
788 1863 843 1917 de
849 1834 1019 1915 Antoni
1038 1839 1203 1910 Morell
1209 1851 1359 1942 droguer
1374 1853 1429 1908 de
1436 1843 1581 1910 Calella
1603 1838 1786 1903 habitant
1791 1858 1846 1900 en
1852 1809 2003 1918 Bara

404 1939 513 2025 fill
533 1946 581 2007 de
587 1933 763 2005 Antoni
776 1933 935 2001 Morell
939 1938 1128 2007 mariner
1137 1939 1187 2001 de
1209 1936 1364 2001 Calella
1372 1936 1545 2010 defunct
1534 1961 1588 2020 y
1596 1939 1646 2001 de
1664 1929 1976 2020 Montserrada

413 2038 478 2095 ab
500 2029 751 2120 Maryanna
766 2040 954 2115 donsella
950 2029 1083 2127 filla
1099 2038 1154 2100 de
1163 2011 1317 2104 Benet
1323 2033 1463 2124 folch
1480 2029 1646 2126 droguer
1655 2029 1712 2095 de
1735 2007 1873 2105 Bara
1879 1997 2009 2105 defuct

385 2155 452 2214 y
463 2125 515 2185 de
538 2119 782 2190 Catherina

408 2210 470 2272 dit
479 2214 551 2273 dia
561 2211 692 2277 rebere
698 2210 758 2272 de
769 2186 1036 2272 Barthomeu
1037 2203 1189 2288 ferrer
1200 2204 1355 2290 ferrer
1368 2199 1422 2259 de
1435 2172 1510 2258 St
1504 2191 1689 2258 Sadorni
1693 2199 1748 2255 de
1763 2186 1976 2253 Subirats

389 2301 496 2385 fill
503 2301 553 2362 de
566 2286 753 2362 Andreu
751 2298 912 2392 ferrer
917 2298 1093 2399 ferrer
1077 2330 1145 2388 y
1148 2298 1201 2365 de
1216 2289 1477 2378 Hieronyma
1492 2291 1686 2378 defuncts
1709 2284 1786 2348 ab
1796 2274 2014 2373 Hierony=

404 2420 487 2462 ma
495 2394 683 2499 donsella
687 2391 801 2482 filla
821 2400 874 2456 de
896 2383 1067 2456 Antoni
1073 2370 1309 2455 Pallerols
1316 2401 1455 2497 pages
1466 2386 1528 2451 de
1549 2374 1720 2445 Labern
1716 2405 1781 2467 y
1797 2377 1858 2446 de
1852 2370 2028 2441 Violant

406 2486 624 2575 defuncts

406 2579 615 2646 Divendres
634 2598 673 2636 a
693 2584 751 2631 12
766 2554 919 2629 rebere
929 2564 982 2624 de
990 2566 1144 2655 jaume
1160 2551 1326 2621 Llonch
1337 2552 1505 2653 droguer
1521 2561 1573 2623 de
1575 2544 1666 2621 St
1640 2556 1776 2657 julia
1792 2551 1847 2616 de
1853 2535 2031 2614 Altura

415 2663 633 2738 habitant
648 2688 706 2736 en
724 2658 973 2767 Terrassa
985 2649 1097 2753 fill
1113 2661 1170 2726 de
1176 2667 1304 2755 joan
1330 2652 1495 2725 Llonch
1495 2669 1635 2758 pages
1648 2658 1708 2720 de
1714 2644 1800 2725 St
1791 2654 1934 2753 julia
1944 2652 2003 2713 de

399 2757 572 2840 Altura
573 2798 642 2869 y
667 2757 737 2826 de
752 2757 970 2867 Miquela
990 2763 1201 2847 defuncts
1223 2756 1311 2830 ab
1297 2761 1541 2864 francina
1556 2757 1757 2849 donsella
1758 2744 1894 2847 filla
1921 2744 1979 2815 de

390 2859 511 2972 Jua
505 2868 652 2967 font
667 2880 817 2969 pages
837 2866 900 2942 de
924 2863 1156 2969 Terrassa
1163 2888 1220 2979 y
1231 2870 1290 2935 de
1316 2858 1561 2942 Elisabeth
1586 2863 1823 2954 defuncta

406 2970 468 3027 dit
476 2968 553 3025 dia
559 2963 694 3023 rebere
698 2968 751 3025 de
761 2956 900 3050 Guille
918 2965 1036 3050 Costa
1040 2978 1166 3054 pages
1176 2965 1255 3030 del
1250 2978 1375 3049 regne
1382 2965 1436 3025 de
1431 2958 1609 3057 fransa
1627 2953 1818 3018 habitant
1825 2978 1887 3020 en
1900 2947 2026 3016 Mo=

404 3039 466 3107 lin
462 3046 513 3108 de
505 3061 593 3139 reig
614 3049 682 3117 ab
687 3038 885 3139 Dionysa
901 3053 1060 3115 viuda
1077 3058 1131 3115 de
1144 3043 1331 3152 domenjo
1354 3026 1594 3122 Barriera
1596 3063 1736 3164 pages
1746 3053 1805 3117 de
1797 3048 1990 3139 frança

404 3146 523 3208 mori
545 3161 617 3206 en
639 3117 805 3241 Bara

404 3223 470 3285 dit
476 3224 546 3285 dia
561 3214 704 3288 rebere
703 3233 749 3286 de
752 3211 852 3308 Jua
865 3194 970 3278 Pau
981 3192 1093 3278 Ros
1096 3228 1215 3303 pages
1224 3216 1274 3274 de
1283 3205 1434 3274 Mollet
1428 3204 1521 3285 fill
1534 3216 1588 3273 de
1587 3204 1731 3274 Vicens
1739 3194 1846 3269 Ros
1845 3214 1981 3302 pages

392 3325 433 3393 y
430 3312 504 3370 de
510 3297 711 3400 Miquela
734 3307 794 3368 ab
807 3292 1006 3380 Elisabeth
1026 3302 1205 3381 donsella
1204 3290 1335 3387 filla
1351 3299 1404 3356 de
1429 3275 1679 3354 Barthomeu
1693 3290 1927 3366 Mascorts
1912 3306 1974 3370 y

404 3379 615 3458 Parellada
625 3408 755 3490 pages
767 3409 812 3473 y
828 3392 885 3456 de
912 3382 1175 3487 Magdalena
1197 3391 1297 3455 tots
1308 3386 1362 3451 de
1391 3382 1505 3449 dita
1516 3379 1741 3488 parrochia
