2690 3794
416 295 639 383 Dimecres
647 338 685 374 a
696 323 782 384 28
795 306 951 381 rebere
973 323 1024 383 de
1024 320 1157 404 Juan
1187 313 1415 383 Termens
1427 334 1563 420 pages
1572 327 1623 384 de
1620 318 1805 413 fransa
1822 304 1995 379 habitat

441 423 506 464 en
517 401 688 468 Sarria
709 408 777 466 ab
785 399 1054 505 Magdalena
1067 413 1215 475 viuda
1225 415 1284 475 de
1281 405 1375 510 jua
1391 408 1570 517 Gallart
1574 426 1712 510 pages
1723 417 1779 475 de
1794 403 2006 498 fransa

452 508 562 561 mori
570 523 628 563 en
659 493 887 561 Molanta

446 585 520 652 dit
530 587 621 650 dia
632 573 793 653 rebere
806 592 860 648 de
873 583 1066 645 Climent
1076 564 1208 673 Roig
1221 575 1359 682 pages
1365 581 1421 643 de
1430 559 1506 645 St
1505 569 1658 638 Marti
1664 576 1724 638 de
1739 560 1995 632 Torrellas

430 677 534 768 fill
547 684 609 745 de
620 656 733 749 Pere
749 670 871 776 Roig
881 697 1013 784 pages
1026 682 1080 742 de
1088 676 1181 738 dita
1186 677 1431 790 parrochia
1425 700 1485 765 y
1498 676 1559 735 de
1577 656 1823 730 Catherina
1837 638 2015 758 defucts

455 767 534 839 ab
556 764 832 869 Margarida
849 781 1052 878 donsella
1062 769 1206 875 filla
1225 775 1282 836 de
1297 755 1421 841 Pere
1450 748 1708 837 Barcelona
1714 775 1859 871 pages
1879 762 1962 827 de

453 863 593 968 Gerul
609 863 850 974 parrochia
875 876 933 936 de
953 861 1217 972 Maranges
1237 884 1368 931 terra
1381 872 1437 935 de
1460 866 1687 968 Serdanya
1702 860 1844 958 bisbat
1856 854 1919 924 de
1923 845 2070 956 Urgell

455 959 649 1059 defunct
656 985 713 1050 y
725 967 784 1025 de
804 950 1091 1064 Margarida

439 1056 580 1140 Dijous
595 1072 647 1111 a
648 1067 735 1133 29
741 1048 884 1113 rebere
904 1057 953 1109 de
962 1024 1066 1110 Pere
1094 1035 1270 1108 Mallol
1277 1053 1414 1106 notari
1425 1045 1538 1102 real
1537 1036 1645 1124 fill
1650 1038 1707 1105 de
1703 1022 1826 1116 Jua
1839 1022 1991 1120 Cipria

452 1132 625 1198 Mallol
630 1142 772 1201 notari
785 1137 885 1197 real
895 1143 1054 1220 defunct
1047 1164 1107 1220 y
1118 1145 1176 1205 de
1191 1116 1332 1202 Elena
1368 1134 1439 1197 ab
1450 1123 1731 1227 Mariangela
1751 1123 1937 1225 donsella
1920 1127 2047 1213 filla

453 1244 501 1298 de
517 1226 708 1292 Climent
726 1220 874 1287 Cortell
885 1235 1016 1293 notari
1035 1233 1084 1292 de
1095 1204 1242 1320 Bara
1248 1233 1424 1310 defunct
1425 1250 1485 1306 y
1494 1234 1548 1292 de
1565 1217 1812 1287 Catherina

452 1319 520 1384 dit
530 1321 600 1379 dia
615 1313 750 1379 rebere
755 1325 805 1379 de
813 1316 974 1416 Miquel
987 1314 1125 1388 Adell
1138 1346 1309 1388 carreter
1308 1325 1499 1411 frances
1514 1316 1710 1389 habitant
1719 1346 1779 1389 en
1803 1289 1981 1419 Bara

452 1406 515 1467 ab
535 1394 706 1469 Maria
728 1408 905 1501 donsella
911 1410 1041 1506 filla
1070 1422 1125 1476 de
1141 1387 1254 1473 Pere
1276 1401 1479 1503 Guillami
1471 1413 1632 1510 fuster
1638 1422 1804 1485 vivent
1797 1447 1866 1508 y
1876 1420 1974 1489 de

436 1502 685 1605 francisca

444 1594 511 1653 dit
521 1597 591 1653 dia
599 1583 747 1648 rebere
748 1588 793 1648 de
795 1585 949 1673 jaume
960 1571 1109 1671 Spiell
1109 1590 1286 1671 parayre
1299 1580 1352 1637 de
1342 1571 1591 1662 ygualada
1597 1569 1790 1635 habitant
1808 1599 1873 1637 en
1884 1553 2038 1674 Bara

429 1666 523 1767 fill
531 1686 586 1742 de
608 1649 800 1738 Bernat
815 1672 956 1768 Spiell
964 1693 1149 1770 parayre
1166 1670 1219 1729 de
1228 1659 1321 1728 dita
1328 1663 1437 1728 vila
1459 1659 1642 1743 defunct
1634 1687 1699 1747 y
1702 1665 1759 1728 de
1780 1656 1995 1729 Candia

441 1776 515 1839 ab
528 1769 750 1837 Catherina
764 1769 912 1858 dosella
929 1776 1105 1851 orfana
1111 1758 1231 1855 filla
1250 1767 1298 1823 de
1315 1742 1481 1823 Antoni
1485 1735 1605 1848 Puig
1604 1755 1761 1846 fuster
1750 1782 1805 1837 y
1819 1760 1877 1819 de
1891 1741 2040 1814 Mari=

443 1897 570 1940 anna
586 1852 835 1951 defuncts

434 1964 504 2034 dit
517 1964 594 2030 dia
602 1956 752 2030 rebere
767 1962 820 2019 de
840 1932 1018 2018 Andreu
1037 1950 1206 2014 Savall
1218 1942 1321 2044 jove
1333 1947 1502 2008 sabater
1516 1935 1708 2004 habitant
1718 1962 1779 2000 en
1785 1909 1960 2039 Bara
1934 1932 2045 2025 fill

436 2071 488 2127 de
483 2063 640 2156 jaume
670 2049 848 2115 Savall
871 2058 1040 2111 sabater
1055 2054 1103 2108 de
1115 2017 1339 2117 Pardnies
1345 2033 1485 2136 bisbat
1499 2036 1554 2094 de
1556 2025 1660 2096 Vich
1673 2033 1843 2119 defunct
1833 2054 1892 2108 y
1898 2025 1974 2094 de

432 2142 644 2219 Violant
675 2150 745 2214 ab
751 2125 910 2216 Paula
939 2137 1109 2216 Maria
1133 2146 1295 2250 dosella
1312 2142 1483 2228 orfana
1480 2132 1609 2228 filla
1624 2144 1667 2196 de
1661 2109 1775 2226 Jua
1774 2100 1896 2191 Pau
1898 2114 2041 2228 Gras

444 2250 628 2349 bastaix
622 2273 683 2338 y
698 2255 756 2311 de
767 2234 986 2322 Elisabeth
1019 2236 1247 2329 defuncts

437 2339 501 2402 dit
510 2340 575 2400 dia
586 2334 715 2400 rebere
730 2339 779 2398 de
785 2323 940 2398 Arnau
957 2330 1158 2395 Mercader
1161 2340 1290 2430 pages
1285 2323 1465 2410 frances
1478 2316 1671 2386 habitant
1682 2337 1740 2382 en
1762 2291 1916 2396 Bara
1918 2305 1992 2373 ab

427 2420 660 2517 francisca
673 2427 805 2487 viuda
824 2436 873 2492 de
879 2415 992 2520 Jua
1008 2424 1160 2513 Conteso
1168 2434 1298 2517 pages
1306 2427 1359 2478 de
1333 2415 1513 2519 fransa
1523 2422 1641 2479 mori
1648 2433 1708 2474 en
1726 2399 1775 2469 lo
1790 2394 1979 2508 hospital

443 2822 518 2893 dit
537 2827 614 2892 dia
627 2825 774 2895 rebere
790 2831 844 2893 de
870 2809 1080 2927 Marsal
1101 2799 1341 2909 Capdevila
1340 2801 1518 2897 ferrer
1531 2808 1664 2872 viudo
1679 2808 1749 2874 de
1758 2779 1960 2913 Bara
1946 2808 2025 2876 ab

416 2910 692 3017 francisca
709 2907 915 3023 donsella
923 2903 1056 3005 filla
1072 2916 1135 2980 de
1136 2894 1352 3014 Domingo
1352 2898 1584 3003 forment
1588 2916 1790 2966 carrater
1806 2903 1875 2970 de
1877 2875 2048 3000 Bara

407 3041 476 3115 y
483 3025 541 3088 de
570 2992 811 3108 Elisabeth
