2690 3794
411 317 642 427 Diumege
663 350 697 392 a
726 328 812 400 26
814 311 974 392 rebere
989 325 1040 400 de
1031 347 1174 427 #
1034 281 1206 369 Miquel
1206 325 1413 441 Vilaseca
1425 352 1577 444 pages
1587 336 1638 405 de
1653 339 1808 441 Castell
1785 344 1901 449 gali
1911 339 2052 446 bisbat

441 445 499 509 de
490 421 620 507 Vich
614 437 708 531 #
726 415 938 498 habitant
959 448 1021 490 en
1033 399 1191 515 Bara
1181 437 1292 526 fill
1310 440 1369 504 de
1368 434 1511 537 Joan
1532 423 1736 534 Vilaseca
1757 445 1906 534 sastre
1930 462 1991 539 y

436 547 488 610 de
507 530 796 652 Hieronyma
827 530 1040 630 defuncts
1063 522 1141 594 ab
1157 525 1424 632 Margarida
1436 527 1599 602 viuda
1623 533 1684 610 de
1675 541 1805 649 joan
1828 527 1994 605 Serra

430 640 670 709 revenedor
682 640 749 706 de
776 604 958 722 Bara

416 730 491 804 Dit
487 738 565 793 dia
578 721 719 793 rebere
726 733 777 793 de
784 705 903 793 Pere
902 724 1037 821 Joan
1055 699 1243 788 Borrell
1236 740 1372 837 pages
1379 721 1443 791 de
1450 705 1522 791 St
1524 721 1646 824 julia
1653 730 1703 788 de
1716 724 1873 785 Altura
1886 721 2016 788 viudo

425 820 497 892 ab
515 820 818 919 Maryangela
827 823 1023 917 donsella
1028 820 1169 914 filla
1187 823 1243 887 de
1255 806 1426 887 Antich
1442 812 1624 889 Marcet
1623 836 1753 925 pages
1763 820 1821 884 de
1823 806 1901 884 St
1894 820 2030 917 Cugat

425 932 475 993 de
479 918 634 993 Vallers
641 946 694 1010 y
707 932 766 985 de
784 918 1021 1010 Constanca

419 1022 491 1086 Dit
504 1022 573 1086 dia
581 1017 722 1089 rebere
734 1022 815 1086 del
825 995 908 1084 Sr
880 1011 1023 1122 Joan
1033 989 1149 1084 Pau
1168 1017 1344 1089 Canoves
1351 1011 1511 1111 donsell
1521 1022 1583 1073 en
1590 970 1758 1092 Bara
1765 1000 2002 1070 domiciliat

405 1115 505 1201 fill
518 1121 576 1179 de
586 1121 700 1223 juan
704 1099 823 1182 Pau
844 1107 1040 1187 Canoves
1050 1113 1213 1215 donsell
1214 1129 1278 1179 en
1294 1102 1407 1179 Vich
1420 1102 1651 1177 domiciliat
1656 1126 1698 1201 y
1708 1107 1755 1171 de
1793 1104 1840 1166 t
1870 1102 2027 1201 defucta

419 1217 491 1291 ab
498 1219 554 1291 la
572 1192 683 1291 Sra
691 1203 944 1313 Maryanna
957 1211 1152 1319 donsella
1168 1203 1289 1319 filla
1307 1206 1374 1286 del
1382 1181 1468 1275 Sr
1458 1197 1566 1302 msr
1565 1170 1765 1308 franch
1752 1176 1925 1283 Bonet
1926 1204 2008 1278 dr

419 1323 505 1393 del
512 1318 626 1390 real
638 1323 798 1426 consell
792 1345 853 1428 y
861 1318 925 1393 de
987 1321 1032 1390 t

400 1703 582 1773 Dilluns
586 1728 631 1775 a
649 1709 733 1767 27
748 1711 903 1773 rebere
921 1711 985 1778 de
1000 1681 1174 1775 Bernat
1187 1695 1418 1811 Glanadell
1425 1728 1555 1811 pages
1568 1714 1648 1770 de
1650 1720 1780 1803 regne
1804 1698 1865 1764 de
1848 1698 2002 1792 fraça

411 1791 620 1871 habitant
636 1818 694 1868 en
715 1794 938 1907 Terrassa
962 1802 1029 1874 ab
1050 1791 1221 1877 Maria
1236 1805 1415 1907 donsella
1425 1805 1542 1907 filla
1568 1807 1618 1868 de
1626 1788 1805 1866 Antoni
1809 1799 1980 1863 Scuder

405 1922 596 2016 parayre
611 1903 670 1972 de
677 1889 894 2008 Terrassa
893 1930 955 1986 y
976 1906 1040 1970 de
1072 1900 1119 1970 t
1181 1898 1393 2003 defuncta

392 1993 467 2057 Dit
474 1991 543 2055 dia
545 1991 678 2055 rebere
688 2004 741 2057 de
748 1982 1012 2060 Barthomeu
1031 1988 1234 2076 Dardenya
1222 1996 1383 2079 sastre
1390 1996 1446 2052 de
1428 1969 1599 2055 Premia
1609 1985 1802 2055 habitant
1804 2018 1868 2057 en
1872 1958 1999 2079 Bara

383 2084 483 2164 fill
501 2089 554 2150 de
570 2051 755 2150 Bernat
762 2078 982 2177 Dardenya
973 2095 1133 2180 sastre
1143 2095 1317 2177 defunct
1291 2114 1363 2177 y
1365 2086 1429 2150 de
1442 2078 1607 2153 Cecilia
1634 2078 1714 2153 ab
1732 2070 1912 2150 Maria
1924 2086 2005 2148 don=

378 2182 502 2268 sella
510 2185 626 2284 filla
652 2193 713 2254 de
718 2193 842 2289 joan
852 2182 1073 2295 Dardenya
1080 2204 1295 2259 tavarner
1302 2193 1366 2251 de
1379 2154 1536 2270 Bara
1516 2215 1583 2273 y
1598 2195 1665 2254 de
1669 2195 1840 2289 joana

392 2283 472 2350 Dit
477 2280 549 2344 dia
559 2278 689 2350 rebere
710 2288 760 2352 de
770 2269 930 2352 Antich
937 2288 1111 2388 Castellet
1127 2308 1311 2391 parayre
1329 2299 1385 2352 de
1398 2280 1547 2355 Caldes
1571 2291 1627 2350 de
1645 2278 1827 2377 Monbuy
1834 2291 1934 2380 fill
1941 2302 1997 2358 de

408 2368 554 2478 Guille
562 2379 755 2481 Castellet
756 2398 878 2484 pages
896 2387 1078 2473 defunct
1066 2409 1130 2476 y
1146 2382 1202 2454 de
1206 2365 1413 2448 Antonia
1439 2384 1503 2445 ab
1519 2362 1736 2478 Elisabeth
1752 2379 1961 2476 donsella

411 2477 530 2569 filla
559 2477 607 2547 de
625 2469 790 2552 Antoni
819 2475 1015 2547 Manils
995 2483 1158 2574 sastre
1176 2477 1240 2544 de
1261 2461 1358 2547 Sta
1357 2466 1555 2552 Eularia
1565 2483 1621 2552 de
1631 2461 1851 2580 Ronsana
1862 2499 1920 2563 y
1922 2483 1988 2544 de

430 2557 642 2667 Elisabeth

400 2663 483 2733 Dit
493 2661 568 2727 dia
583 2641 735 2730 rebere
745 2663 807 2722 de
811 2628 933 2725 Pere
946 2611 1108 2746 Roger
1121 2663 1256 2763 pages
1255 2647 1314 2716 de
1338 2630 1481 2719 Robio
1491 2633 1643 2741 bisbat
1656 2639 1703 2711 de
1711 2625 1821 2722 Vich
1828 2606 2005 2716 habitat

419 2776 483 2820 en
493 2748 543 2815 lo
556 2721 681 2823 Prat
680 2737 801 2842 fill
797 2756 862 2818 de
861 2729 990 2829 Pere
997 2743 1166 2861 Roger
1170 2759 1311 2859 pages
1327 2737 1495 2848 defunct
1486 2773 1558 2845 y
1573 2748 1635 2820 de
1645 2724 1843 2818 Eularia
1878 2732 1961 2809 ab

427 2828 618 2918 Eularia
638 2847 820 2949 donsella
833 2838 974 2960 filla
995 2849 1059 2922 de
1080 2844 1259 2924 Llorens
1280 2844 1415 2918 Sirer
1417 2858 1555 2954 pages
1571 2858 1629 2922 de
1626 2819 1835 2916 Premia
1820 2865 1893 2940 y
1897 2844 1958 2916 de

423 2943 717 3039 Magdalena
726 2934 968 3033 defuncta

400 3038 483 3113 Dit
487 3049 568 3115 dia
575 3049 724 3113 rebere
740 3057 801 3118 de
819 3032 996 3146 Raphel
1025 3030 1232 3140 Noguera
1253 3038 1454 3107 velluter
1456 3041 1525 3110 de
1541 3013 1709 3140 Bara
1711 3041 1849 3107 viudo
1864 3038 1958 3105 ab

411 3131 670 3236 Maryanna
682 3142 840 3208 viuda
863 3147 922 3206 de
946 3128 1196 3230 Hieronym
1225 3131 1415 3239 Gassull
1425 3136 1624 3203 velluter
1642 3139 1709 3203 de
1722 3112 1906 3244 Bara
