2690 3794
427 285 627 351 Divendres
636 310 667 343 a
676 310 711 361 9
737 270 872 351 rebere
888 287 946 349 de
965 277 1153 353 Nicolau
1171 283 1338 357 Llorens
1354 304 1482 391 pages
1488 293 1655 386 frances
1670 285 1885 355 habitant
1893 317 1990 355 en

443 383 635 447 Dorrius
657 375 719 437 ab
737 377 897 443 Maria
922 358 1097 472 Angela
1121 383 1304 474 donsella
1318 383 1436 477 filla
1457 386 1506 443 de
1517 371 1682 439 Antoni
1673 366 1787 455 Jua
1800 371 2015 449 Terrades

454 486 582 571 pages
584 479 633 539 de
653 463 824 543 dorrius
839 473 1017 566 defunct
1009 494 1074 556 y
1083 471 1143 537 de
1169 461 1355 531 Eularia

460 563 528 631 dit
536 572 612 631 dia
624 559 771 631 rebere
789 569 840 625 de
844 565 1029 629 Nicolau
1052 557 1281 652 Masferrer
1284 574 1411 658 pages
1416 561 1472 617 de
1490 532 1740 642 Argentona
1758 553 1883 612 viudo
1899 538 1986 608 ab

462 647 669 759 Elisabeth
691 666 880 759 donsella
886 649 1015 759 filla
1039 662 1097 729 de
1112 641 1296 761 Galcera
1322 641 1479 715 Serra
1486 660 1619 765 pages
1630 649 1688 711 de
1698 632 1892 705 Mataro
1912 634 1992 700 de=

448 768 601 874 funct
605 797 665 863 y
682 770 752 834 de
768 768 1038 869 Margarida

456 864 534 941 dit
542 869 625 932 dia
636 854 801 933 rebere
798 879 851 933 de
854 866 1017 960 jaume
1047 858 1258 962 Masseres
1268 869 1449 958 perayre
1463 856 1525 914 de
1532 835 1757 941 Terrassa
1763 827 1873 938 fill
1889 833 1967 901 de

460 954 624 1073 Guille
647 959 885 1062 Masseres
915 979 1101 1072 perayre
1119 957 1317 1048 defunct
1314 977 1382 1043 y
1389 959 1445 1022 de
1477 939 1757 1047 Margarida
1777 932 1850 1006 ab
1859 915 2028 1002 Anna

460 1067 656 1168 donsella
672 1053 792 1154 filla
819 1067 870 1127 de
886 1061 1088 1129 Honorat
1106 1057 1170 1125 de
1188 1028 1298 1127 Deu
1320 1053 1436 1158 nots
1425 1052 1485 1112 de
1496 1036 1654 1142 Lleyda
1656 1071 1720 1137 y
1733 1047 1793 1114 de
1817 1036 2030 1114 Luciana

458 1155 698 1263 defuncts

456 1260 522 1319 dit
531 1253 599 1315 dia
615 1233 763 1307 rebere
770 1247 828 1305 de
840 1222 954 1309 Pere
974 1241 1143 1336 Castell
1142 1241 1319 1305 moliner
1320 1241 1503 1327 frances
1511 1231 1720 1305 habitant
1735 1253 1787 1300 en
1819 1220 2020 1328 Grano=

464 1343 574 1409 llers
592 1335 664 1407 ab
684 1331 958 1438 Margarida
967 1339 1096 1405 viuda
1116 1344 1180 1403 de
1190 1306 1390 1405 Bernat
1396 1300 1573 1401 Pineda
1580 1335 1766 1401 moliner
1779 1337 1831 1393 de
1830 1324 2040 1428 Valldoreig

452 1425 620 1524 dissapte
634 1454 673 1489 a
693 1450 742 1495 10
762 1423 902 1495 rebere
917 1435 971 1495 de
982 1425 1130 1495 Steva
1146 1421 1277 1529 Roig
1293 1435 1453 1499 vedrier
1462 1433 1512 1493 de
1532 1423 1716 1491 Mataro
1714 1421 1829 1514 fill
1832 1429 1890 1489 de
1903 1423 1998 1482 Se=

458 1513 599 1616 bastia
615 1503 748 1616 Roig
766 1523 956 1631 pescador
947 1546 1010 1608 y
1022 1532 1072 1589 de
1092 1523 1327 1629 Speransa
1360 1513 1439 1579 ab
1450 1513 1640 1589 dorothea
1656 1513 1835 1614 donsella
1832 1505 1984 1608 filla

464 1636 522 1698 de
529 1609 648 1692 Pere
678 1617 914 1725 Nogueres
898 1651 964 1715 y
991 1599 1185 1719 Pasqual
1194 1626 1352 1690 vedrier
1345 1649 1409 1715 y
1425 1632 1476 1690 de
1498 1603 1720 1713 Elisabeth

451 1714 532 1784 dit
540 1720 620 1777 dia
628 1709 765 1779 rebere
779 1728 826 1779 de
842 1705 987 1813 Esteva
1010 1714 1174 1805 Sayol
1188 1714 1359 1809 botiguer
1364 1728 1420 1784 de
1427 1720 1539 1784 teles
1545 1712 1761 1786 habitant
1771 1733 1824 1784 en
1842 1687 2007 1803 Bara

448 1802 549 1901 fill
569 1816 624 1869 de
636 1783 742 1867 Pau
764 1806 914 1897 Sayol
919 1822 1038 1901 pages
1058 1816 1113 1872 de
1114 1799 1281 1874 Alella
1282 1829 1334 1888 y
1339 1822 1401 1876 de
1406 1806 1623 1911 Susanna
1656 1804 1732 1869 ab
1742 1797 2017 1899 Magdalena

464 1902 662 1993 donsella
674 1895 797 1987 filla
815 1908 864 1960 de
898 1887 1101 2003 Raphel
1121 1897 1283 1991 Vinyes
1301 1921 1508 2003 negociant
1492 1935 1564 1991 y
1576 1904 1644 1970 de
1633 1904 1860 2003 francina
1869 1879 2038 1993 defucta

458 2000 526 2066 dit
531 2002 608 2062 dia
621 1988 757 2066 rebere
770 2010 824 2068 de
833 1986 948 2062 Pere
970 1983 1191 2064 Ramundi
1179 2002 1340 2099 sastre
1354 1998 1409 2060 de
1417 1983 1575 2089 Bara
1566 2002 1682 2104 fill
1698 2006 1751 2066 de
1767 1979 1875 2074 Pere
1895 1985 2015 2070 ra=

460 2094 622 2154 mundi
626 2107 767 2198 pages
791 2103 843 2166 de
863 2067 1023 2185 Bara
1003 2125 1065 2188 y
1076 2111 1139 2164 de
1159 2074 1354 2164 Beneta
1385 2090 1612 2196 defuncta
1626 2090 1694 2154 ab
1719 2076 1996 2188 Hieronyma

452 2195 644 2296 donsella
661 2189 784 2283 filla
813 2197 864 2254 de
858 2186 1002 2281 Juan
1026 2180 1185 2261 Vicens
1211 2197 1365 2261 carder
1360 2226 1418 2281 y
1429 2195 1489 2259 de
1494 2191 1762 2294 Maryanna

454 2293 511 2347 dit
519 2291 585 2352 dia
602 2280 736 2347 rebere
758 2287 805 2347 de
819 2264 923 2350 Pere
921 2291 1044 2374 Juan
1056 2272 1206 2354 Riera
1200 2291 1394 2382 sabater
1400 2297 1458 2355 de
1465 2276 1610 2378 Bara
1591 2285 1699 2384 fill
1706 2287 1755 2350 de
1739 2264 1860 2380 Jua
1867 2266 2011 2346 Riera

452 2379 589 2463 daguer
582 2395 633 2449 y
655 2373 704 2432 de
716 2360 914 2451 Elisabeth
928 2373 1122 2459 defuncts
1142 2381 1210 2438 ab
1225 2360 1397 2438 Eularia
1406 2375 1577 2474 donsella
1574 2373 1699 2468 filla
1715 2377 1766 2436 de
1756 2345 1862 2457 Jua
1878 2360 2030 2461 Castello

451 2479 576 2566 pages
586 2471 633 2526 de
655 2460 819 2526 Sarria
813 2492 878 2551 y
886 2473 943 2526 de
957 2446 1138 2555 Angela

429 2556 513 2622 Dit
517 2557 587 2618 dia
600 2550 732 2618 rebere
745 2565 788 2620 de
793 2556 927 2643 Juan
951 2552 1153 2620 Tintorer
1163 2542 1321 2612 hortola
1339 2550 1397 2614 de
1419 2527 1567 2637 Bara
1547 2542 1661 2639 fill
1672 2556 1728 2614 de
1739 2552 1892 2646 jaume
1891 2542 2030 2614 Tin=

448 2663 568 2714 torer
579 2649 801 2739 mesurador
810 2653 868 2708 de
890 2644 939 2708 la
949 2645 1107 2750 plassa
1096 2674 1157 2733 y
1177 2649 1233 2708 de
1249 2626 1411 2725 Antiga
1435 2644 1629 2719 defuncts
1647 2644 1711 2706 ab
1725 2630 1931 2702 Monica
1947 2619 2028 2697 do=

429 2734 557 2821 sella
559 2741 677 2827 filla
695 2743 750 2800 de
762 2728 925 2805 Vicens
943 2738 1149 2840 Vergonsa
1163 2738 1317 2808 hortola
1333 2747 1396 2804 de
1402 2716 1564 2829 Bara
1538 2758 1594 2827 y
1609 2738 1667 2800 de
1685 2720 1982 2821 Hieronyma

443 2833 608 2894 vivent

452 2904 518 2969 dit
529 2908 603 2969 dia
617 2891 763 2963 rebere
781 2906 832 2969 de
827 2898 981 2995 Juan
1005 2862 1164 2963 Palau
1169 2904 1309 2997 pages
1328 2898 1382 2963 de
1387 2885 1468 2963 St
1477 2883 1627 2963 Marti
1639 2895 1705 2961 de
1725 2860 2009 2986 Prohensals

448 2990 589 3057 viudo
605 2990 681 3057 ab
701 2968 944 3099 Elisabeth
957 2996 1109 3060 viuda
1133 2992 1189 3060 de
1192 2971 1311 3082 Jua
1324 2952 1560 3064 #
1576 2969 1799 3062 Martres
1807 2977 1994 3089 pages

454 3084 515 3151 de
535 3077 639 3153 dita
661 3081 906 3189 parrochia

456 3163 526 3229 dit
535 3172 610 3229 dia
621 3167 773 3231 rebere
789 3176 840 3229 de
854 3159 1034 3260 Gabriel
1054 3152 1226 3254 Guitart
1236 3155 1384 3219 texidor
1395 3159 1447 3216 de
1462 3155 1512 3216 lli
1524 3150 1705 3221 habitant
1715 3174 1770 3216 en
1777 3150 1938 3248 Aulesa
1949 3155 2007 3216 de

464 3259 723 3332 Montserrat
718 3247 820 3346 fill
840 3259 891 3319 de
903 3247 1107 3315 Salvador
1123 3236 1287 3348 Guitart
1293 3259 1418 3336 pages
1435 3247 1487 3312 de
1500 3240 1585 3313 dita
1582 3236 1791 3346 parrochia
1813 3243 1990 3332 defunct
1966 3268 2030 3330 y

458 3353 511 3413 de
536 3341 734 3445 Miquela
751 3343 819 3403 ab
834 3324 1004 3405 Eularia
1016 3333 1193 3436 donsella
1198 3329 1302 3411 filla
1314 3339 1365 3390 de
1368 3331 1437 3392 #
1414 3320 1525 3421 Jua
1540 3316 1648 3392 Valls
1651 3345 1776 3425 pages
1782 3337 1833 3396 de
1843 3337 2009 3396 Corbera

451 3460 505 3516 y
517 3443 576 3499 de
621 3443 669 3494 t
