2690 3794
417 309 626 405 Dissapte
636 336 674 372 a
701 314 748 376 6
754 311 906 372 rebere
924 322 972 370 de
995 287 1099 369 Pau
1124 303 1270 413 Phelip
1280 331 1401 414 pages
1413 318 1460 374 de
1450 316 1679 413 figuerola
1704 309 1804 387 fill
1813 314 1863 369 de
1877 287 1994 372 Bal=

436 408 586 502 thesar
605 384 752 499 Phelip
771 417 902 502 pages
896 432 956 495 y
968 410 1024 475 de
1050 395 1254 499 Elisabeth
1269 408 1344 466 ab
1358 402 1620 506 Margarida
1645 408 1828 497 donsella
1837 393 1975 484 filla

443 525 486 572 de
513 509 744 592 francesch
760 501 845 565 Coll
857 518 985 609 pages
1006 514 1057 567 de
1074 496 1293 570 Torrellas
1304 529 1353 585 y
1371 507 1421 559 de
1426 505 1589 585 juana
1612 490 1826 581 defuncts

438 611 509 673 dit
528 613 604 669 dia
618 595 764 669 rebere
787 615 834 666 de
855 584 1018 664 Antoni
1047 580 1201 662 Parera
1214 606 1340 699 pages
1356 600 1407 658 de
1411 593 1666 658 Vallcarcara
1678 588 1799 677 fill
1805 593 1861 649 de
1868 595 2025 671 jaume

436 681 604 764 Parera
616 709 748 795 pages
751 725 805 784 y
824 699 880 759 de
970 705 994 755 t
1082 694 1276 779 defuncts
1299 694 1364 752 ab
1372 670 1554 753 Eularia
1581 665 1749 744 Burch
1770 687 1972 768 donsella

445 811 547 900 filla
568 807 625 861 de
653 773 794 858 Benet
824 765 978 852 Burch
988 796 1153 854 moliner
1157 802 1213 852 de
1233 778 1337 858 Sta
1339 776 1515 852 Eularia
1538 796 1595 848 de
1627 754 1883 876 Ronsanes
1871 798 1953 861 y

452 915 497 968 de
570 913 601 964 t
793 888 1037 993 defuncts

425 1007 607 1082 Dilluns
616 1044 652 1080 a
681 1029 715 1089 8
743 1009 897 1076 rebere
909 1009 967 1070 de
990 998 1158 1100 Gabriel
1183 987 1320 1072 Palau
1334 1029 1458 1114 pages
1476 1018 1528 1070 #
1557 987 1622 1067 #
1623 987 1768 1092 #
1781 1007 1830 1056 de
1829 994 2036 1061 Vilanova

445 1126 499 1179 de
519 1108 580 1177 la
609 1099 729 1168 Roca
749 1099 836 1197 fill
850 1108 899 1164 de
927 1102 1070 1169 Steva
1089 1077 1239 1171 Palau
1249 1113 1396 1206 pages
1407 1091 1591 1199 defunct
1583 1123 1644 1184 y
1645 1102 1709 1164 de
1737 1071 2001 1190 Eufrahina

439 1216 499 1279 ab
535 1203 814 1316 Margarida
822 1203 965 1275 viuda
1001 1214 1055 1277 de
1069 1205 1256 1316 Miquel
1273 1203 1502 1296 Casanoves
1505 1209 1652 1316 pages
1667 1198 1718 1252 de
1746 1176 1874 1252 Tona
1892 1178 2036 1292 bisbat

432 1326 490 1387 de
495 1318 602 1385 Vich
620 1331 735 1383 mori
745 1342 807 1383 en
820 1318 1167 1391 residencia

436 1430 509 1497 dit
530 1430 614 1499 dia
622 1425 777 1499 rebere
791 1443 838 1493 de
846 1425 983 1528 Juan
979 1417 1118 1534 Isan
1115 1423 1307 1517 frances
1330 1426 1526 1495 habitant
1525 1452 1593 1486 en
1603 1395 1755 1508 Bara
1756 1419 1823 1481 ab
1822 1414 2025 1515 Sperasa

438 1527 625 1629 donsella
633 1535 770 1633 filla
787 1533 842 1594 de
857 1509 987 1596 Pere
990 1502 1202 1600 Prexens
1205 1546 1355 1640 porter
1361 1533 1466 1589 real
1452 1560 1512 1620 y
1531 1533 1587 1598 de
1610 1524 1841 1633 Speransa
1851 1522 2010 1578 muller

421 1630 529 1717 sua
561 1626 803 1721 defuncts

437 1995 635 2072 dimecres
650 2025 703 2071 a
701 2014 767 2071 10
765 2007 912 2058 rebere
914 1999 971 2069 de
979 1999 1137 2089 Guille
1162 1987 1398 2085 Resonable
1409 1996 1589 2088 calsater
1599 1999 1647 2055 de
1666 2007 1813 2078 agulla
1818 1980 2001 2096 frances

432 2084 656 2181 habitant
656 2109 724 2163 en
739 2076 889 2179 Bara
899 2100 968 2158 ab
970 2085 1134 2177 Juana
1144 2088 1345 2179 donsella
1361 2082 1555 2161 lliberta

440 2180 513 2243 dit
525 2183 603 2246 dia
613 2173 766 2244 rebere
778 2187 830 2251 de
826 2173 972 2279 Juan
976 2173 1131 2283 Strugo
1114 2167 1281 2287 forner
1282 2180 1480 2287 frances
1494 2170 1688 2268 habitant
1698 2197 1760 2255 en
1777 2149 1939 2259 Bara
1940 2180 2012 2252 ab

435 2246 599 2349 Paula
608 2266 835 2349 #
851 2280 1012 2351 viuda
1018 2280 1088 2344 de
1098 2269 1261 2352 Antoni
1245 2278 1378 2380 font
1373 2277 1568 2372 pescador
1577 2286 1691 2346 mori
1700 2293 1762 2349 en
1777 2266 1936 2370 Bara

435 2353 575 2451 Dijous
581 2377 644 2431 a
643 2372 711 2432 11
710 2355 859 2429 rebere
861 2366 920 2426 de
930 2359 1126 2439 Manaut
1133 2369 1246 2440 Oms
1258 2375 1419 2431 texidor
1421 2374 1478 2434 de
1481 2371 1611 2440 llana
1607 2364 1794 2451 frances
1804 2364 2008 2439 habitant

451 2457 502 2510 en
509 2434 726 2534 Terrassa
742 2444 822 2510 ab
830 2431 1001 2525 Beneta
1020 2444 1214 2522 Martina
1232 2445 1421 2539 donsella
1420 2449 1546 2547 filla
1554 2449 1610 2523 de
1620 2441 1768 2546 Guille
1778 2445 1925 2517 Marti
1932 2457 2005 2512 te=

443 2537 569 2609 xidor
576 2548 638 2604 de
645 2532 764 2603 llana
776 2538 952 2622 defunct
954 2554 1012 2622 y
1024 2541 1097 2604 de
1306 2551 1480 2604 vivent

433 2621 631 2689 Divendres
656 2642 695 2689 a
707 2637 774 2693 12
792 2622 948 2690 rebere
954 2634 1016 2693 de
1008 2619 1121 2722 Jua
1112 2619 1286 2716 ferrer
1289 2629 1478 2716 pescador
1484 2632 1547 2697 de
1535 2602 1695 2716 Bara
1701 2613 1848 2692 #
1857 2619 1991 2687 viudo

445 2704 519 2773 ab
525 2692 583 2780 #
579 2688 721 2778 Anna
741 2702 894 2783 Elena
904 2712 1064 2811 dosella
1059 2708 1205 2802 filla
1212 2713 1265 2783 de
1264 2696 1376 2778 Pere
1381 2712 1559 2781 Morros
1561 2720 1734 2780 corredor
1745 2713 1792 2775 de
1799 2696 1949 2802 bestias
1951 2718 2013 2778 de

432 2787 558 2875 bara
544 2820 606 2893 y
610 2803 678 2872 de
691 2795 931 2875 Catherina

438 2882 516 2961 dit
520 2893 591 2958 dia
603 2887 758 2948 rebere
754 2887 811 2958 de
802 2882 907 2980 #
894 2879 1080 2982 Jaume
1092 2863 1269 2948 Colomer
1263 2876 1414 2963 sastre
1420 2871 1474 2944 de
1479 2837 1626 2956 Bara
1626 2857 1723 2958 fill
1724 2868 1791 2937 de
1785 2855 1952 2945 Antoni
1956 2849 2018 2925 Co

448 2978 579 3052 lomer
590 2984 729 3069 pages
710 2999 772 3068 y
784 2979 849 3049 de
855 2968 1072 3052 Andreua
1099 2975 1173 3041 ab
1178 2955 1440 3057 Hieronyma
1444 2965 1606 3061 dosella
1597 2959 1734 3057 filla
1738 2960 1791 3027 de
1788 2962 2010 3055 jaume

446 3070 612 3168 Staper
597 3070 772 3170 staper
763 3073 923 3161 sastre
909 3094 976 3162 y
983 3073 1057 3141 de
1067 3056 1366 3164 Magdalena

440 3169 506 3229 dit
520 3174 599 3231 dia
608 3167 753 3235 rebere
758 3178 827 3231 de
824 3153 934 3237 Pere
944 3164 1161 3258 Casansals
1165 3175 1294 3269 pages
1301 3153 1398 3242 #
1404 3164 1458 3227 de
1460 3145 1587 3251 Urgell
1596 3150 1776 3219 habitant
1785 3171 1845 3218 en
1854 3132 1917 3216 St
1910 3129 2044 3234 Jua

438 3255 580 3347 deSpi
574 3249 689 3342 fill
691 3258 758 3326 de
751 3236 867 3329 Pere
877 3255 1102 3353 Casansals
1112 3265 1291 3331 texidor
1304 3258 1358 3324 de
1372 3252 1426 3323 lli
1415 3273 1475 3340 y
1484 3255 1539 3323 de
1549 3234 1744 3332 Elisabeth
1761 3230 2010 3328 defuncts

435 3354 503 3411 ab
518 3338 772 3444 Magdalena
790 3341 958 3442 dosella
971 3341 1096 3433 filla
1112 3352 1169 3417 de
1176 3333 1344 3425 Arnau
1362 3336 1559 3447 Monpeo
1564 3355 1691 3441 pages
1692 3346 1749 3404 de
1750 3330 1824 3411 St
1809 3327 1919 3423 Jua
1931 3330 2076 3430 deSpi

418 3465 470 3529 y
473 3441 545 3514 de
554 3437 756 3537 Elisabeth
