2690 3794
373 364 559 456 Dissapte
573 387 604 423 a
621 378 681 427 17
697 357 827 425 rebere
839 363 884 423 de
889 368 1041 454 jaume
1061 333 1199 446 Pages
1207 373 1337 458 pages
1343 364 1404 425 de
1406 338 1616 423 Parelada
1629 350 1817 414 habitant
1827 375 1885 416 en
1891 333 2038 444 Bara

389 453 477 529 fill
485 457 532 507 de
544 430 703 500 Antoni
706 427 844 529 Pages
851 454 992 540 pages
995 448 1048 503 de
1049 427 1237 501 Parelada
1241 471 1285 535 y
1291 445 1343 505 de
1365 429 1560 515 Elisabeth
1573 441 1759 515 defuncts
1760 429 1835 494 ab
1839 426 2053 511 Maryanna

398 526 534 590 viuda
544 530 593 584 de
600 495 741 585 Pere
749 522 886 587 Mila
875 525 1034 622 fuster
1047 532 1100 590 de
1113 502 1273 622 Bara

391 605 459 671 Dit
472 607 547 667 dia
553 607 690 671 rebere
715 614 762 672 de
781 593 951 667 Ramon
973 584 1111 669 Roch
1113 622 1246 713 pages
1270 607 1346 671 del
1352 621 1481 697 regne
1500 607 1549 669 de
1543 604 1722 695 frança
1739 604 1941 671 habitant
1945 628 2020 671 en

397 675 491 765 St
485 682 642 758 Adria
666 701 719 758 de
751 666 906 784 Besos
926 696 996 758 ab
1009 685 1292 786 Magdalena
1306 691 1499 786 donsella
1502 694 1630 789 filla
1642 699 1702 760 de
1715 687 1914 789 Guillem
1922 671 2045 758 Ba=

402 794 482 861 dia
504 783 678 847 texidor
686 787 742 852 de
759 785 818 845 lli
833 788 890 851 de
903 755 1051 872 Bara
1054 808 1102 889 y
1105 794 1156 852 de
1182 771 1402 880 Elisabet

389 879 466 957 Dit
474 881 563 945 dia
571 874 726 947 rebere
749 883 800 945 de
813 865 1001 943 Antoni
1018 855 1213 941 Rovira
1221 898 1411 990 parayre
1435 886 1488 948 de
1507 858 1688 976 Aulesa
1710 876 1767 941 de
1784 860 2034 968 Montserrat

384 973 496 1074 fill
512 973 570 1039 de
589 954 778 1036 Antoni
801 947 989 1036 Rovira
1004 993 1206 1079 parayre
1225 979 1280 1043 de
1297 975 1391 1039 dita
1381 970 1623 1081 parrochia
1642 968 1824 1060 defunct
1830 991 1889 1070 y
1886 963 1991 1032 de

407 1045 608 1131 Eularia
643 1055 714 1125 ab
718 1036 881 1128 Paula
914 1059 1104 1158 donsella
1106 1068 1253 1163 filla
1270 1068 1325 1137 de
1347 1066 1519 1168 Gabriel
1537 1066 1736 1156 Carreres
1739 1078 1880 1179 pages
1899 1061 1975 1135 de

400 1153 489 1226 dita
506 1148 768 1270 parrochia
779 1188 829 1264 y
830 1164 895 1229 de
910 1134 1095 1229 Paula

386 1258 468 1323 Dit
474 1256 556 1317 dia
564 1241 698 1309 rebere
718 1256 768 1311 de
765 1247 904 1341 Juan
916 1246 1095 1317 Tratxo
1099 1260 1287 1345 parayre
1297 1247 1346 1303 de
1347 1214 1503 1343 Berga
1520 1232 1713 1299 habitant
1719 1256 1785 1301 en
1798 1212 1939 1332 Bara
1926 1242 2051 1303 viudo

404 1337 477 1404 ab
475 1320 801 1440 Maryangela
806 1337 965 1402 viuda
977 1342 1028 1406 de
1077 1353 1120 1410 t
1188 1333 1313 1408 Soler
1327 1345 1504 1435 traginer
1516 1331 1634 1407 mori
1630 1347 1695 1404 en
1706 1307 1874 1425 Bara

386 1431 464 1495 Dit
472 1434 543 1496 dia
549 1434 699 1498 rebere
706 1440 755 1500 de
774 1434 960 1495 Climent
961 1431 1125 1521 ferrer
1142 1436 1301 1500 hortola
1318 1440 1366 1500 de
1381 1401 1555 1531 Bara
1548 1436 1680 1496 viudo
1688 1427 1770 1496 ab
1775 1424 2051 1529 Magdalena

389 1522 588 1629 donsella
594 1522 730 1620 filla
743 1530 796 1594 de
804 1534 940 1622 juan
954 1522 1157 1625 Guardia
1173 1537 1318 1640 pages
1329 1534 1387 1603 de
1396 1502 1666 1631 Plegamans
1665 1551 1718 1631 y
1721 1528 1776 1594 de
1805 1536 1846 1592 t
1889 1499 2049 1613 defucts

387 1622 591 1715 Diumenge
602 1648 635 1685 a
659 1634 712 1688 18
724 1615 860 1681 rebere
866 1632 919 1685 de
932 1609 1118 1687 Baldiri
1129 1619 1237 1717 Puig
1246 1645 1368 1724 pages
1378 1637 1425 1692 de
1426 1620 1506 1698 St
1497 1609 1590 1715 Boy
1599 1622 1707 1715 fill
1708 1632 1761 1681 de
1762 1604 1966 1681 Baldiri

395 1704 511 1802 Puig
529 1728 653 1809 pages
653 1734 695 1804 y
699 1716 748 1772 de
747 1712 900 1806 juana
922 1717 1132 1793 defuncta
1148 1712 1226 1772 ab
1240 1708 1410 1780 Maria
1424 1714 1621 1809 donsella
1618 1712 1767 1811 filla
1777 1719 1834 1780 de
1848 1701 2031 1828 Galcera

389 1799 587 1903 Arenys
596 1801 743 1916 pages
755 1812 810 1873 de
813 1801 867 1869 la
887 1792 1086 1873 Amella
1102 1807 1293 1895 defunct
1304 1831 1345 1912 y
1351 1812 1404 1875 de
1424 1792 1644 1907 Elisabeth

387 1917 478 1985 Dit
490 1909 572 1974 dia
582 1904 724 1974 rebere
730 1935 810 2022 per
820 1926 955 1975 mans
972 1911 1044 1972 del
1056 1892 1142 1981 Sr
1129 1935 1316 2017 canonge
1327 1902 1495 1981 Amell
1507 1915 1581 1981 de#
1591 1890 1784 1974 Andreu
1796 1900 2052 2011 Marrugat

370 2006 539 2108 fuster
563 2008 622 2067 de
636 1980 808 2102 Bara
815 2006 888 2071 ab
899 1984 1067 2074 Paula
1087 2014 1249 2078 viuda
1285 2008 1339 2076 de
1396 2016 1453 2083 t
1549 2002 1751 2085 Colada

383 2103 469 2163 Dit
469 2103 545 2158 dia
554 2094 704 2158 rebere
721 2105 768 2165 de
763 2107 913 2206 Juan
933 2082 1105 2173 Planes
1121 2105 1414 2208 assahonador
1426 2103 1644 2173 habitant
1657 2121 1721 2167 en
1731 2077 1822 2173 St
1814 2094 1968 2169 Celoni

373 2196 474 2287 fill
492 2202 547 2257 de
563 2200 700 2292 juan
711 2180 898 2272 Planes
908 2215 1057 2309 pages
1070 2205 1124 2270 de
1139 2191 1456 2303 Vallgorguina
1453 2228 1506 2311 y
1515 2207 1571 2273 de
1572 2209 1729 2313 juana
1743 2194 1984 2294 defuncts

395 2293 472 2361 ab
487 2289 754 2396 Maryanna
776 2301 975 2400 donsella
962 2287 1118 2393 filla
1141 2308 1197 2374 de
1200 2299 1341 2395 Juan
1361 2289 1502 2365 Vidal
1511 2295 1705 2371 baxador
1720 2306 1776 2371 de
1775 2286 1878 2371 St
1856 2293 1985 2404 Celoni

366 2414 438 2484 y
452 2388 507 2460 de
508 2399 683 2499 juana

391 2483 555 2553 Dilluns
571 2504 608 2546 a
628 2502 685 2568 19
696 2474 842 2542 rebere
853 2475 902 2538 de
910 2475 1071 2566 jaume
1089 2463 1268 2533 Oriach
1267 2475 1406 2570 pages
1423 2466 1481 2531 de
1490 2438 1608 2531 Sta
1576 2450 1751 2562 Agnes
1772 2475 1832 2540 de
1835 2470 2003 2540 Mala=

379 2589 566 2676 nyanes
579 2578 725 2644 viudo
749 2563 831 2633 ab
826 2563 1009 2670 Juana
1031 2559 1224 2663 donsella
1236 2565 1364 2656 filla
1384 2561 1449 2637 de
1459 2550 1648 2629 Antich
1662 2552 1966 2656 Masferrer

389 2679 536 2784 pages
569 2662 629 2737 de
657 2658 848 2771 Gualba
818 2696 892 2762 y
908 2664 969 2734 de
991 2651 1142 2730 Anna
1177 2667 1393 2766 defuncts

381 2763 455 2823 Dit
458 2770 530 2825 dia
538 2763 678 2829 rebere
698 2776 745 2831 de
734 2763 969 2849 francesch
983 2742 1207 2860 Busquets
1208 2779 1354 2829 notari
1363 2766 1416 2831 de
1411 2759 1613 2849 figueres
1637 2749 1830 2819 habitant
1827 2779 1880 2819 en
1888 2733 2033 2836 Bara

377 2850 474 2931 fill
485 2856 536 2915 de
552 2826 821 2916 Barthomeu
859 2833 1076 2948 Busquets
1073 2856 1218 2939 sinter
1229 2858 1280 2913 de
1294 2850 1381 2909 dita
1388 2852 1500 2911 vila
1505 2871 1558 2946 y
1557 2847 1612 2905 de
1632 2826 1882 2933 Hieronyma
1894 2830 2045 2928 defucts

389 2943 457 3002 ab
464 2914 676 3008 Praxedis
694 2941 863 3034 donsella
870 2943 1000 3039 filla
1014 2953 1069 3010 de
1081 2938 1228 3032 Esteva
1250 2928 1385 3004 Colell
1384 2947 1527 3000 notari
1538 2939 1715 3026 defunct
1712 2958 1761 3034 y
1770 2941 1828 3000 de
1814 2923 2039 3024 franca

377 3018 465 3097 Dit
469 3023 549 3093 dia
556 3027 693 3101 rebere
709 3044 760 3106 de
772 3037 938 3127 Guillem
966 3029 1155 3099 Manent
1162 3048 1295 3147 pages
1307 3037 1356 3103 de
1369 3035 1495 3140 Gava
1488 3031 1600 3132 fill
1609 3040 1663 3104 de
1662 3012 1832 3101 Arnau
1850 3007 2008 3101 Manet

393 3139 524 3239 pages
536 3158 578 3228 y
582 3135 641 3198 de
657 3126 796 3200 Tecla
811 3128 1017 3226 defuncts
1024 3135 1090 3198 ab
1085 3103 1251 3196 Paula
1265 3130 1450 3222 donsella
1455 3124 1590 3220 filla
1591 3126 1648 3194 de
1651 3113 1811 3200 Vicens
1821 3117 2005 3198 Vinader

389 3241 515 3332 pages
535 3232 591 3294 de
594 3228 750 3334 Castell
765 3219 919 3328 defels
933 3256 980 3330 y
983 3232 1046 3298 de
1052 3225 1337 3334 Margarida
