2690 3794
395 290 645 376 Divendres
662 336 697 375 a
724 308 788 375 16
803 299 964 378 rebere
976 317 1031 383 de
1043 298 1160 383 Pere
1186 314 1352 422 Casals
1360 326 1514 426 #
1524 336 1643 417 pages
1660 317 1732 383 del
1740 342 1859 415 regne
1878 320 1969 383 de

411 398 597 501 frança
613 391 833 468 habitant
851 430 920 473 en
943 386 1107 509 Bara
1119 416 1185 477 ab
1194 404 1403 479 Antonia
1413 416 1563 480 viuda
1584 416 1641 479 de
1654 402 1832 479 Antoni
1856 405 2037 473 Cortada

422 518 552 618 pages
573 500 632 567 de
653 493 830 565 Horta

395 589 485 655 Dit
493 591 572 650 dia
586 580 743 648 rebere
736 585 790 644 de
793 578 920 672 juan
938 548 1080 639 Pros
1072 583 1191 667 pages
1208 567 1273 632 del
1290 546 1445 660 Regne
1457 566 1516 628 de
1517 559 1706 666 frança
1734 548 1937 628 habitant
1943 581 2009 630 en

432 671 603 743 Sarria
635 670 714 741 ab
734 641 935 736 Beneta
947 663 1097 733 viuda
1112 673 1162 729 de
1170 645 1376 736 Bernat
1397 663 1583 759 Costant
1605 670 1752 752 sastre
1769 661 1822 724 de
1832 657 2013 720 Sarria

411 751 490 815 Dit
497 758 583 817 dia
595 755 735 819 rebere
747 763 803 826 de
814 744 1078 826 Barthomeu
1110 751 1302 823 Matheu
1315 776 1441 858 pages
1462 763 1509 828 de
1535 756 1677 821 Horta
1680 756 1782 849 fill
1783 760 1835 817 de
1852 733 2044 817 Bartho=

420 871 519 911 meu
539 843 725 909 Matheu
738 848 873 948 pages
882 873 924 955 y
925 857 977 919 de
997 839 1278 943 Maryanna
1295 862 1501 943 defuncts
1520 852 1596 919 ab
1615 839 1833 937 Elisabeth
1839 846 2046 941 donsella

402 945 521 1034 filla
549 952 599 1010 de
618 947 774 1029 jaume
800 920 959 1041 Bosch
972 950 1138 1015 texidor
1146 956 1200 1020 de
1213 957 1276 1017 lli
1284 963 1340 1015 de
1357 928 1519 1045 Bara
1537 945 1721 1034 defunct
1727 972 1768 1043 y
1765 950 1822 1015 de
1831 931 2047 1038 Maryana

402 1028 483 1101 Dit
491 1037 568 1098 dia
577 1033 716 1103 rebere
729 1046 781 1106 de
802 1024 917 1106 Pere
943 1035 1131 1136 Miquel
1146 1026 1351 1108 Ferrer
1353 1061 1485 1138 pages
1502 1046 1561 1106 de
1571 1016 1813 1103 Badalona
1820 1040 1968 1105 viudo

417 1125 485 1191 ab
500 1127 770 1223 Maryanna
780 1135 937 1200 viuda
956 1145 1008 1202 de
1025 1132 1209 1239 Miquel
1215 1115 1338 1202 Pol
1339 1143 1532 1241 blanquer
1542 1137 1599 1204 de
1618 1109 1784 1235 Bara

401 1222 481 1297 dit
493 1231 581 1293 dia
593 1227 730 1293 rebere
738 1234 790 1293 de
783 1225 1033 1327 francesch
1054 1225 1185 1292 Colom
1199 1248 1318 1331 pages
1339 1240 1390 1301 de
1402 1220 1494 1299 St
1478 1206 1585 1322 Boy
1595 1245 1652 1306 de
1676 1229 1868 1329 Llobregat
1874 1234 2004 1301 viudo

419 1330 481 1393 ab
497 1321 793 1426 Maryangela
803 1330 991 1426 donsella
985 1328 1124 1426 filla
1143 1333 1198 1396 de
1215 1308 1419 1394 Baldiri
1422 1331 1596 1431 ferrer
1598 1351 1726 1433 pages
1742 1331 1801 1394 de
1803 1322 1875 1401 St
1874 1307 1996 1424 Boy

417 1432 589 1523 defunct
602 1457 645 1530 y
651 1436 701 1495 de
715 1427 948 1496 Catherina

404 1531 472 1584 Dit
480 1529 552 1583 dia
566 1518 714 1584 rebere
724 1529 770 1590 de
780 1517 942 1590 Antich
963 1501 1184 1611 Busquets
1188 1534 1320 1614 pages
1333 1517 1380 1574 de
1388 1504 1606 1597 Valldoreig
1602 1502 1708 1594 fill
1716 1508 1764 1567 de
1771 1485 1962 1565 Antich

415 1599 625 1708 Busquets
631 1633 750 1715 pages
760 1615 933 1699 defunct
941 1638 982 1715 y
985 1624 1037 1680 de
1039 1608 1305 1703 Maryanna
1333 1608 1409 1673 ab
1420 1583 1592 1673 Eularia
1604 1605 1795 1694 donsella
1791 1596 1922 1687 filla
1927 1582 1993 1652 de

415 1725 565 1821 jaume
584 1697 750 1786 Ribes
760 1730 888 1807 pages
903 1718 953 1779 de
961 1695 1044 1782 St
1005 1711 1155 1803 feliu
1181 1711 1234 1775 de
1250 1697 1449 1800 llobregat
1460 1727 1503 1796 y
1506 1702 1565 1763 de
1569 1679 1730 1765 Paula

419 1806 489 1876 Dit
495 1808 563 1872 dia
575 1801 706 1867 rebere
713 1813 763 1869 de
780 1788 964 1869 Bernat
985 1790 1204 1901 Gausachs
1210 1771 1263 1823 del
1268 1762 1367 1833 Bosch
1213 1827 1332 1902 pages
1339 1808 1398 1869 de
1408 1799 1648 1865 Montornes
1646 1794 1741 1885 fill
1751 1799 1803 1858 de
1814 1783 1986 1860 Antoni

417 1900 643 2001 Gausachs
656 1896 739 1967 del
753 1875 917 1996 Bosch
934 1919 1060 2001 pages
1065 1905 1122 1973 de
1137 1908 1222 1967 dita
1230 1896 1449 2001 parrochia
1433 1924 1505 1990 y
1515 1898 1570 1962 de
1586 1880 1764 1953 Eularia
1776 1880 1991 1973 defuncts

415 2005 485 2068 ab
493 1988 716 2096 Elisabeth
729 2005 873 2066 viuda
892 2005 950 2068 de
947 2007 1073 2098 juan
1105 1991 1345 2082 Montanya
1350 2012 1492 2105 pages
1504 1991 1557 2059 de
1574 1989 1668 2057 dita
1680 1982 1924 2087 parrochia

399 2090 478 2156 Dit
489 2088 563 2158 dia
571 2090 710 2156 rebere
725 2106 777 2163 de
794 2079 977 2160 Bernat
994 2095 1095 2193 Gili
1101 2107 1322 2200 negociant
1331 2102 1389 2167 de
1400 2097 1596 2197 Campins
1611 2092 1826 2154 habitant
1825 2107 1891 2149 en
1890 2063 2046 2184 Bara

410 2183 501 2271 fill
517 2192 570 2253 de
582 2175 735 2276 Esteva
747 2178 857 2289 Gili
856 2203 991 2287 pages
1014 2194 1062 2257 de
1076 2191 1258 2287 Campins
1272 2215 1314 2290 y
1322 2187 1376 2255 de
1389 2178 1528 2251 Clara
1542 2183 1754 2274 defuncts
1758 2176 1837 2248 ab
1838 2166 1995 2278 Elisa=

420 2270 525 2349 beth
528 2280 685 2347 viuda
707 2282 757 2350 de
776 2272 990 2350 Nicolau
990 2282 1164 2379 ferrer
1177 2286 1390 2347 candaler
1406 2282 1461 2349 de
1469 2303 1574 2347 cera
1589 2284 1645 2347 de
1665 2261 1828 2373 Bara

384 2354 494 2437 Dit
502 2365 592 2426 die
597 2364 792 2433 reberem
781 2385 868 2437 de
867 2348 1008 2444 Pere
1027 2372 1245 2451 Ambros
1215 2397 1400 2493 pages
1428 2381 1478 2433 de
1486 2356 1565 2435 St
1547 2368 1670 2458 Juan
1683 2372 1877 2435 Samora
1898 2370 1971 2435 de

420 2450 570 2553 Gelida
575 2453 686 2541 fill
693 2462 743 2523 de
754 2441 870 2525 Pere
872 2459 1017 2555 Juan
1032 2448 1225 2530 Ambros
1241 2483 1376 2566 pages
1371 2497 1431 2560 y
1437 2480 1490 2541 de
1495 2448 1665 2534 Paula
1691 2466 1893 2544 defuncts
1909 2450 1986 2521 ab

415 2547 712 2650 Maryanna
734 2547 930 2656 donsella
929 2561 1062 2656 filla
1079 2557 1138 2626 de
1161 2557 1332 2656 Miquel
1355 2557 1539 2622 Sabater
1544 2561 1710 2662 piloter
1727 2557 1782 2620 de
1800 2522 1991 2656 Bara

395 2681 461 2747 y
473 2660 532 2724 de
540 2658 703 2756 juana
725 2658 933 2744 defuncts

401 2746 483 2811 Dit
489 2755 559 2809 dia
569 2748 699 2807 rebere
716 2757 757 2811 de
771 2744 968 2804 Salvador
981 2723 1115 2833 Roig
1123 2744 1262 2830 mestre
1272 2739 1327 2802 de
1340 2760 1449 2802 axa
1467 2744 1523 2800 de
1533 2704 1686 2830 Bara
1687 2736 1806 2800 viudo
1812 2732 1888 2798 ab
1861 2737 2026 2823 Juana

408 2836 548 2897 viuda
564 2836 618 2895 de
613 2829 792 2939 Juan
794 2806 901 2893 Pla
914 2840 1060 2931 capser
1079 2840 1131 2895 de
1152 2804 1309 2922 Bara

406 2922 474 2991 Dit
489 2928 568 2989 dia
584 2914 717 2991 rebere
738 2932 790 2994 de
816 2912 1042 3029 Hyacinto
1038 2902 1318 2992 Plantada
1342 2924 1547 3031 blanquer
1562 2932 1621 2989 de
1642 2902 1949 3014 Granollers
1896 2916 2022 3014 fill

406 3034 463 3091 de
479 3009 650 3088 Antoni
658 2998 913 3095 Plantada
925 3034 1062 3128 pages
1077 3030 1133 3093 de
1139 3016 1198 3093 la
1221 3007 1432 3095 Amella
1453 3018 1641 3123 defunct
1636 3043 1688 3132 y
1691 3023 1743 3088 de
1753 3005 1978 3121 Elisabeth

415 3123 483 3186 ab
500 3097 672 3192 Paula
693 3117 893 3225 donsella
923 3119 1049 3229 filla
1054 3122 1117 3190 de
1135 3120 1298 3227 joseph
1317 3117 1519 3224 Sagarra
1540 3117 1750 3183 candaler
1763 3119 1821 3179 de
1839 3125 1978 3176 cera

410 3223 461 3292 de
488 3203 774 3352 Granollers
754 3247 821 3335 y
827 3224 893 3285 de
829 3215 1142 3351 francina
