2690 3794
416 311 613 383 Dimecres
625 333 663 379 a
672 325 729 392 13
741 314 803 382 de
813 311 881 381 dit
896 330 1022 379 #
887 278 1028 336 #donare
1020 281 1173 330 llicentia
1047 330 1100 378 a
1107 313 1281 378 Antoni
1279 303 1472 374 Dauban
1494 312 1721 376 treballador
1731 319 1815 378 del
1817 297 1986 405 Regne

434 410 487 471 de
482 403 662 497 frança
697 401 900 472 habitant
915 431 973 475 en
988 404 1030 469 lo
1047 390 1161 470 Prat
1188 404 1253 472 ab
1262 407 1483 470 Saldonia
1497 409 1685 492 donsella
1684 402 1814 489 filla
1834 395 1923 467 de

440 509 631 605 Miquel
654 504 768 572 Sola
783 526 968 615 parayre
994 511 1042 565 de
1059 510 1199 587 Orista
1219 497 1354 599 bisbat
1369 504 1417 565 de
1433 495 1536 562 Vich
1538 526 1582 578 y
1605 509 1649 564 de
1672 482 1877 580 Elisabeth
1880 476 2016 576 defucts

437 598 497 663 dit
514 602 586 659 dia
599 593 734 661 rebere
752 609 796 662 de
832 596 1001 659 Marich
1022 593 1206 663 Mental
1220 621 1339 704 pages
1361 607 1408 662 de
1414 598 1575 681 frança
1591 592 1790 660 habitant
1800 614 1858 660 en
1873 597 1997 659 Sar=

435 697 518 754 ria
532 690 605 751 ab
618 688 738 752 Elena
751 688 938 777 donsella
950 688 1078 774 filla
1101 693 1152 743 de
1153 685 1281 781 Juan
1296 673 1462 755 Riera
1483 676 1687 774 blanquer
1712 683 1754 749 de
1776 685 1830 745 la
1848 694 1988 741 conca

432 788 484 848 de
512 792 648 853 Orcau
669 780 812 878 bisbat
835 792 887 852 de
900 778 1043 881 Urgell
1063 805 1104 886 y
1110 788 1163 850 de
1188 760 1374 840 Eularia
1398 776 1616 867 defuncts

435 867 497 938 dit
498 877 576 938 dia
584 869 725 938 rebere
731 881 777 935 de
796 858 898 934 Pere
922 876 1114 961 Argullol
1130 877 1331 937 candeler
1332 874 1378 931 de
1388 885 1480 926 cera
1493 869 1547 927 de
1564 850 1709 942 Bara
1703 864 1794 947 fill
1803 863 1848 919 de
1860 843 1990 921 Tho=

427 982 526 1034 mas
549 967 737 1056 Argullol
750 956 950 1058 blanquer
967 963 1135 1053 defunct
1153 983 1196 1051 y
1203 963 1254 1023 de
1264 940 1410 1025 Anna
1432 954 1615 1014 Maria
1649 953 1716 1008 ab
1726 939 2005 1030 Hieronyma

416 1061 603 1154 donsella
610 1052 731 1146 filla
747 1058 790 1123 de
810 1064 970 1150 jaume
993 1031 1165 1139 Pinyol
1174 1046 1344 1110 sabater
1355 1073 1398 1142 y
1400 1051 1451 1107 de
1461 1022 1663 1130 Astasia

430 1156 492 1214 dit
501 1152 564 1216 dia
577 1145 709 1212 rebere
730 1154 773 1211 de
781 1152 883 1233 juan
902 1137 1062 1235 Llussia
1078 1148 1226 1207 texidor
1236 1151 1284 1207 de
1298 1146 1353 1205 lli
1362 1149 1410 1206 de
1424 1147 1592 1206 Mataro
1583 1138 1681 1231 fill
1687 1145 1734 1202 de
1726 1122 1853 1232 Jua
1853 1131 2010 1229 Llussia

422 1237 641 1303 treballador
654 1261 688 1333 y
702 1239 758 1301 de
774 1222 923 1297 Paula
945 1232 1014 1297 ab
1035 1226 1279 1317 Maryanna
1303 1230 1489 1321 donsella
1496 1232 1616 1325 filla
1640 1235 1681 1290 de
1694 1219 1868 1288 Antoni
1881 1206 1997 1287 Pla

415 1348 612 1402 mariner
630 1335 808 1427 defunct
818 1354 857 1418 y
871 1333 918 1394 de
928 1315 1113 1416 Antiga

407 1426 561 1528 Dijous
574 1448 614 1494 a
644 1440 707 1503 14
729 1406 879 1485 rebere
886 1424 935 1483 de
960 1403 1122 1483 Benet
1143 1399 1366 1479 Bernuix
1370 1406 1559 1505 flaquer
1573 1423 1615 1477 de
1637 1389 1793 1499 Bara
1786 1410 1890 1505 fill
1904 1417 1959 1476 de

419 1517 633 1610 Hierony
648 1497 868 1588 Bernuix
882 1512 1076 1605 flaquer
1093 1516 1267 1600 defunct
1274 1538 1324 1602 y
1339 1514 1388 1580 de
1408 1511 1578 1572 Maria
1593 1504 1660 1565 ab
1677 1503 1957 1605 Margarida

408 1616 554 1679 viuda
571 1613 626 1683 de
632 1613 868 1706 francesch
892 1601 1106 1689 Bertran
1103 1618 1268 1702 sastre
1288 1611 1341 1675 de
1355 1585 1512 1707 Bara

411 1708 472 1778 dit
486 1708 551 1779 dia
568 1696 726 1779 rebere
731 1713 782 1781 de
779 1717 926 1814 Juan
943 1688 1063 1811 Puig
1078 1731 1211 1815 pages
1225 1707 1305 1776 del
1317 1727 1445 1810 regne
1468 1705 1524 1773 de
1520 1703 1697 1796 frança
1713 1692 1938 1770 habitant

402 1831 463 1875 en
471 1809 519 1869 lo
531 1786 647 1872 Prat
664 1810 739 1876 ab
752 1807 1034 1906 Margarida
1052 1802 1249 1897 donsella
1261 1808 1391 1901 filla
1422 1802 1474 1874 de
1503 1793 1712 1916 domingo
1734 1791 1936 1867 Taudet

408 1912 545 2008 pages
568 1910 615 1972 de
647 1898 869 1973 Mallorca
896 1901 1087 1995 defunct
1106 1925 1149 2002 y
1172 1904 1219 1964 de
1230 1902 1404 1995 Juana

406 1996 460 2058 dit
472 1998 528 2056 dia
542 1993 670 2059 rebere
680 2001 727 2059 de
732 1996 881 2056 Antoni
889 1992 1013 2061 Comes
1024 2015 1145 2088 pages
1163 2003 1204 2054 de
1223 1988 1367 2050 dorrius
1379 1991 1498 2049 viudo
1520 1985 1584 2049 ab
1607 1968 1844 2067 Eufrahina
1850 1979 1988 2043 viuda

404 2090 450 2152 de
478 2068 653 2148 Narcis
662 2064 826 2152 Portas
845 2104 978 2185 pages
993 2089 1038 2151 de
1059 2076 1143 2143 dita
1157 2072 1390 2177 parrochia

392 2171 457 2234 Dit
469 2176 542 2229 dia
553 2161 692 2234 rebere
702 2182 778 2242 del
802 2172 881 2240 Sr
892 2183 1072 2267 Miquel
1086 2184 1137 2240 de
1157 2173 1285 2236 Cortit
1298 2169 1459 2256 donsell
1472 2186 1530 2231 en
1550 2138 1697 2240 Bara
1712 2156 1948 2222 domiciliat

387 2260 492 2352 fill
513 2267 552 2328 de
579 2261 714 2349 Onofre
727 2270 768 2327 de
777 2264 897 2328 Cortit
914 2252 992 2324 Sr
987 2257 1058 2322 del
1057 2258 1165 2321 lloch
1165 2279 1199 2347 y
1210 2270 1331 2318 terme
1346 2263 1391 2312 de
1409 2250 1488 2348 Gra
1495 2273 1535 2339 y
1545 2249 1592 2309 de
1613 2244 1844 2308 Catherina
1857 2250 1938 2308 de=

399 2352 533 2434 functs
540 2348 598 2411 ab
605 2353 655 2411 la
659 2335 745 2408 Sra
706 2340 882 2437 fracisca
859 2350 960 2441 Illa
963 2341 1104 2432 dosella
1104 2345 1208 2427 filla
1213 2346 1257 2404 de
1259 2342 1334 2424 msr
1332 2335 1459 2434 Esteva
1443 2348 1543 2437 Illa
1555 2323 1674 2423 defuct
1676 2359 1710 2427 y
1715 2344 1756 2400 de
1735 2334 1875 2429 Isabel
1860 2332 2002 2424 Juana

384 2441 593 2505 Divendres
614 2464 653 2505 a
670 2453 723 2508 15
739 2433 878 2506 rebere
892 2447 946 2509 de
964 2434 1147 2533 Miquel
1167 2417 1360 2536 Pasqual
1369 2441 1504 2500 corder
1517 2443 1563 2501 de
1584 2435 1736 2503 Caldes
1746 2441 1797 2500 de
1819 2427 1999 2524 Monbuy

390 2528 484 2619 fill
496 2530 549 2589 de
556 2521 731 2596 Antoni
746 2512 932 2615 Pasqual
950 2532 1088 2588 corder
1104 2528 1277 2605 defunct
1273 2552 1330 2608 y
1337 2531 1388 2590 de
1401 2529 1665 2621 Magdalena
1700 2529 1772 2591 ab
1788 2527 1947 2586 Cathe=

393 2635 508 2684 rina
524 2622 718 2714 donsella
722 2619 846 2710 filla
868 2625 915 2679 de
938 2601 1051 2680 Pere
1076 2620 1198 2717 Camp
1207 2627 1337 2719 pages
1339 2650 1391 2710 y
1411 2624 1461 2681 de
1482 2610 1698 2685 Antonia
1720 2617 1934 2719 defuncts

390 2721 481 2776 tots
500 2721 547 2781 de
571 2721 663 2773 dita
669 2719 911 2820 parrochia

385 2796 451 2859 dit
463 2795 529 2854 dia
544 2790 683 2854 rebere
694 2797 739 2849 de
760 2780 938 2852 Ramon
941 2781 1148 2846 Torrellas
1155 2787 1277 2871 pages
1284 2785 1337 2842 de
1344 2762 1417 2837 St
1415 2750 1530 2850 Boy
1532 2773 1630 2859 fill
1636 2776 1686 2833 de
1701 2779 1841 2854 Samso
1846 2759 1969 2832 Tor=

388 2882 513 2943 rellas
529 2895 653 2973 pages
650 2904 700 2958 y
716 2885 766 2938 de
781 2859 915 2934 Anna
930 2871 1114 2957 defuncts
1136 2869 1200 2931 ab
1211 2847 1356 2929 Paula
1375 2860 1543 2951 donsella
1537 2858 1657 2943 filla
1677 2864 1716 2917 de
1711 2851 1810 2940 Jua
1829 2828 1959 2913 Bar=

390 2988 483 3030 rera
496 2982 611 3061 pages
626 2978 668 3027 de
681 2948 841 3048 Arenys
857 2956 993 3015 devall
990 2981 1044 3040 y
1064 2965 1116 3013 de
1162 2960 1203 3011 t
1272 2952 1480 3032 defuncts

390 3048 452 3114 dit
463 3054 529 3114 dia
539 3045 671 3110 rebere
683 3054 726 3115 de
739 3038 898 3110 Antoni
914 3021 1065 3107 Bonet
1079 3065 1196 3135 pages
1207 3049 1256 3102 de
1273 3043 1451 3114 Cabrera
1449 3043 1544 3127 fill
1555 3044 1596 3097 de
1594 3033 1699 3127 Jua
1718 3012 1867 3097 Bonet
1873 3060 1954 3128 pa=

362 3157 448 3229 ges
458 3139 632 3224 defunct
620 3164 675 3219 y
691 3135 738 3197 de
757 3131 917 3224 Antiga
965 3134 1028 3198 ab
1043 3121 1221 3193 Eularia
1255 3132 1434 3227 donsella
1428 3129 1553 3216 filla
1569 3134 1621 3192 de
1627 3125 1777 3190 Antoni
1793 3119 1920 3194 Lledo

377 3244 510 3336 pages
521 3240 570 3297 de
582 3224 774 3325 Vilassar
791 3235 973 3318 defunct
969 3257 1029 3313 y
1051 3231 1099 3285 de
1120 3210 1291 3316 Antiga
