2690 3794
363 264 640 383 Divendres
663 344 704 389 a
714 332 788 389 21
813 318 953 384 rebere
965 330 1017 393 de
1020 320 1135 415 Jua
1157 295 1316 422 Bosch
1326 347 1464 430 pages
1487 336 1545 397 de
1555 316 1644 395 St
1645 316 1821 395 Llorens
1840 322 2006 395 çavall

421 418 634 487 habitant
646 439 704 481 en
725 396 936 475 Rexach
941 418 1070 481 viudo
1093 418 1164 483 ab
1168 414 1443 522 Magdalena
1457 421 1603 483 viuda
1617 421 1678 483 de
1679 400 1839 483 Ramo
1855 414 2018 518 Segui

393 519 572 604 Dissapte
584 537 619 573 a
631 527 720 575 22
740 511 872 573 rebere
885 517 938 573 de
952 509 1126 606 Gabriel
1149 511 1310 575 March
1313 533 1494 608 parayre
1506 513 1584 575 del
1591 533 1723 610 regne
1733 521 1789 575 de
1780 517 1956 590 frança
1970 501 2040 573 ha=

404 609 546 674 bitant
556 632 621 674 en
648 607 850 666 Sabadell
860 599 944 668 ab
945 587 1162 701 Elisabeth
1172 607 1364 701 donsella
1363 607 1494 688 filla
1510 607 1565 668 de
1555 605 1684 694 Joan
1696 605 1836 674 Scors
1844 618 1975 707 pages
1979 597 2070 668 tabe

402 710 476 777 del
479 731 608 803 regne
614 716 666 771 de
667 706 839 793 frança
838 728 901 789 y
913 714 968 771 de
982 692 1162 801 Antiga
1174 706 1374 812 defuncts

385 815 467 883 Dit
479 817 563 880 dia
575 808 734 877 rebere
746 815 801 877 de
819 806 976 906 Giralt
992 798 1169 875 Monlo
1176 827 1374 910 parayre
1386 802 1471 865 del
1459 825 1595 898 regne
1609 800 1665 861 de
1660 788 1841 883 frança
1855 776 2059 851 habitant

402 936 463 978 en
485 909 687 970 Sabadell
708 907 780 966 ab
785 897 1032 968 Valentina
1044 909 1205 968 viuda
1221 897 1287 960 de
1286 872 1408 963 Pere
1420 874 1520 957 Pau
1527 874 1732 963 Barcelo
1733 909 1965 998 parayre
1977 889 2042 955 de

402 1008 615 1079 Sabadell

368 1114 471 1184 Dit
484 1109 568 1177 dia
582 1094 743 1170 rebere
749 1097 809 1168 de
826 1051 1018 1161 Benet
1034 1063 1184 1162 Arch
1179 1101 1322 1198 pages
1335 1090 1386 1158 de
1406 1070 1637 1182 Terrassa
1641 1078 1752 1172 fill
1754 1085 1805 1146 de
1824 1040 2004 1145 Benet

396 1196 529 1282 Arch
540 1226 680 1316 pages
682 1236 735 1301 y
752 1207 801 1274 de
823 1183 1093 1287 Hieronyma
1130 1187 1207 1266 ab
1217 1183 1493 1282 Hieronyma
1513 1181 1717 1282 donsella
1727 1180 1856 1267 filla
1874 1187 1932 1249 de
1919 1135 2039 1287 Joa

386 1302 537 1428 Pujol
544 1321 698 1411 mestre
717 1317 766 1381 de
786 1315 910 1403 cases
902 1335 956 1396 y
966 1310 1019 1371 de
1042 1282 1210 1404 Antiga
1232 1302 1311 1365 tots
1331 1303 1380 1363 de
1400 1293 1493 1363 dita
1504 1285 1741 1397 parrochia

383 1422 469 1493 Dit
480 1421 561 1489 dia
578 1410 738 1486 rebere
756 1419 807 1486 de
811 1388 936 1474 Pau
955 1374 1121 1502 Bosca
1136 1417 1271 1514 pages
1287 1409 1344 1473 de
1360 1363 1616 1463 Badalona
1618 1396 1717 1489 fill
1730 1399 1778 1461 de
1787 1357 1893 1459 Pau
1902 1359 2043 1490 Bosca

396 1533 540 1635 pages
549 1548 597 1611 y
614 1525 669 1591 de
682 1503 876 1583 Eularia
893 1510 1139 1608 defuncta
1159 1500 1229 1576 ab
1227 1483 1383 1571 Paula
1402 1489 1599 1598 donsella
1605 1495 1743 1590 filla
1758 1500 1814 1560 de
1813 1477 1920 1596 Jua
1926 1488 2068 1567 Valls

396 1645 533 1742 pages
554 1632 608 1691 de
617 1590 781 1685 Palau
770 1617 966 1715 solitar
955 1641 1009 1707 y
1025 1622 1079 1679 de
1099 1578 1290 1681 Eularia

379 1725 592 1830 Diumege
607 1750 666 1795 a
661 1727 749 1797 23
767 1712 929 1791 rebere
944 1725 1000 1791 de
1020 1696 1207 1794 Antoni
1211 1727 1364 1829 janer
1384 1718 1584 1781 mariner
1600 1711 1655 1778 de
1655 1694 1861 1771 Vilalba
1881 1696 2050 1771 habitat

392 1859 456 1910 en
468 1807 631 1927 Bara
623 1827 728 1927 fill
742 1827 794 1896 de
809 1812 1005 1920 Miquel
1020 1821 1166 1916 janer
1175 1829 1315 1929 pages
1304 1844 1365 1918 y
1379 1816 1429 1887 de
1452 1800 1698 1880 Catherina
1716 1797 1937 1910 defuncta
1959 1796 2046 1871 ab

381 1928 540 2017 Anna
560 1921 749 2006 Maria
772 1926 967 2036 donsella
972 1921 1111 2024 filla
1129 1930 1184 1992 de
1202 1919 1404 2031 Sagimon
1410 1915 1584 2013 ferran
1605 1902 1777 1990 hortola
1790 1915 1850 1988 de
1850 1879 2038 2016 Bara

381 2063 435 2130 y
445 2049 492 2113 de
518 2029 835 2138 Magdalena

329 2110 473 2209 Dit
483 2131 559 2203 dia
578 2124 721 2206 rebere
744 2128 803 2196 de
816 2089 1053 2215 Domingo
1066 2052 1348 2201 Rodriguez
1360 2105 1526 2203 portero
1546 2074 1603 2152 de
1609 2092 1680 2156 sa
1690 2050 1805 2154 Exa
1811 2073 1870 2160 el
1880 2047 2046 2187 Duque

397 2235 446 2303 de
468 2214 828 2335 Alburquerque
851 2213 990 2288 viudo
1015 2206 1092 2278 ab
1101 2188 1249 2282 Anna
1266 2197 1465 2298 donsella
1476 2187 1609 2289 filla
1625 2191 1683 2263 de
1651 2153 1788 2305 Joa
1808 2172 2070 2302 Gonçalez

395 2335 593 2424 menescal
619 2328 669 2386 de
664 2324 745 2421 sa
770 2297 880 2387 Exa
878 2316 1072 2409 defunct
1070 2342 1134 2403 y
1151 2312 1207 2383 de
1231 2289 1425 2414 Agnes

383 2425 459 2488 Dit
468 2423 547 2491 dia
558 2416 714 2486 rebere
728 2425 787 2489 de
794 2394 987 2484 Bernat
1004 2416 1141 2519 Cases
1152 2413 1320 2475 texidor
1331 2413 1383 2475 de
1396 2400 1535 2461 llana
1555 2400 1609 2461 de
1622 2390 1910 2497 Sparaguera
1906 2386 2021 2483 fill

386 2526 442 2587 de
452 2492 635 2582 Bernat
648 2512 774 2613 Cases
793 2514 960 2574 texidor
976 2515 1022 2577 de
1036 2507 1168 2570 llana
1165 2526 1226 2594 y
1238 2510 1285 2574 de
1290 2492 1529 2569 Valentina
1552 2495 1619 2562 ab
1626 2485 1903 2578 Hieronyma
1909 2484 2052 2548 viuda

392 2613 446 2681 de
468 2585 680 2673 Bertran
699 2608 849 2678 Serra
869 2606 1043 2680 texidor
1062 2615 1113 2675 de
1130 2598 1271 2668 llana
1289 2611 1345 2669 de
1346 2556 1566 2688 Bara

374 2703 559 2767 Dilluns
574 2730 628 2766 a
643 2713 747 2782 24
753 2690 900 2759 rebere
920 2703 974 2765 de
976 2679 1089 2758 Pere
1115 2685 1301 2761 Terrats
1284 2678 1439 2797 pages
1443 2697 1493 2754 de
1503 2686 1574 2765 St
1579 2685 1724 2754 Marti
1728 2694 1776 2753 de
1789 2674 1842 2742 la
1857 2677 2014 2746 Mota

389 2793 543 2896 bisbat
565 2800 614 2856 de
641 2789 817 2896 Girona
844 2781 1065 2847 habitant
1073 2804 1130 2846 en
1143 2781 1345 2847 Vilalba
1336 2777 1451 2871 fill
1464 2783 1519 2848 de
1542 2788 1598 2847 t
1595 2796 1654 2868 y
1658 2785 1720 2852 t
1735 2762 1815 2839 ab
1827 2766 2018 2840 Maria

382 2887 576 2984 donsella
588 2887 712 2978 filla
728 2890 781 2950 de
763 2873 889 2978 Joa
896 2875 1043 2952 Sever
1046 2887 1189 2991 pages
1199 2875 1274 2948 del
1282 2874 1376 2973 far
1385 2870 1606 2942 habitant
1618 2894 1680 2936 en
1693 2861 1896 2938 Vilalba
1877 2897 1944 2964 y
1952 2865 2011 2940 de

383 2995 534 3082 joana

369 3066 452 3141 Dit
466 3066 545 3126 dia
560 3045 715 3116 rebere
730 3051 782 3116 de
795 3023 973 3113 Antoni
990 3014 1138 3101 Arno
1157 3035 1368 3123 traginer
1381 3021 1439 3091 de
1450 3006 1713 3116 Argentona
1733 3022 1863 3084 viudo
1878 3009 1969 3093 ab
1926 3019 2099 3129 Joana

389 3151 551 3219 viuda
557 3151 607 3214 de
619 3123 788 3211 Antoni
802 3125 941 3238 Llotge
930 3127 1158 3223 sistaller
1179 3101 1369 3187 habitat
1381 3136 1451 3188 en
1472 3092 1776 3210 Argentona

358 3229 466 3313 Dit
484 3225 566 3296 dia
584 3213 752 3301 rebere
759 3229 820 3300 de
830 3212 1000 3315 Blasi
986 3213 1163 3327 Icart
1172 3204 1371 3312 calsater
1388 3212 1442 3276 de
1457 3209 1614 3308 agulla
1632 3204 1715 3277 del
1727 3226 1868 3304 regne
1889 3202 1966 3268 de

375 3322 548 3414 frança
571 3293 761 3385 habitat
769 3323 831 3376 en
837 3285 1004 3395 Bara
1004 3307 1074 3379 ab
1082 3299 1358 3402 Maryanna
1371 3303 1563 3406 donsella
1555 3303 1684 3397 filla
1693 3301 1756 3365 de
1769 3284 1944 3371 Antoni
1945 3281 2112 3356 Trilla

386 3429 583 3514 parayre
612 3408 673 3470 de
689 3369 865 3484 Bara
851 3422 910 3489 y
927 3407 981 3468 de
977 3396 1160 3496 Joana
