2690 3794
412 331 616 442 Dissapte
623 374 661 408 a
682 362 711 420 8
741 347 895 412 rebere
906 355 964 414 de
969 360 1078 436 juan
1091 350 1210 444 jassa
1205 362 1345 446 pages
1363 339 1572 418 habitant
1581 376 1637 416 en
1648 335 1792 442 Bara
1782 343 1908 448 fill
1909 349 1987 414 de

448 433 557 507 Pere
574 449 697 538 jassa
710 453 854 534 pages
861 445 921 501 de
934 421 1165 504 Parelada
1181 431 1338 538 bisbat
1355 441 1399 497 de
1416 429 1576 538 Girona
1555 464 1621 532 y
1630 443 1680 507 de
1683 439 1849 504 Maria
1858 415 2023 528 defucta

454 525 528 603 ab
540 531 699 599 Cecilia
719 531 903 618 donsella
898 529 1029 618 filla
1040 537 1098 591 de
1109 513 1214 595 Pere
1235 513 1391 591 Recort
1396 541 1588 628 parayre
1610 531 1660 585 de
1675 517 1853 611 Solsona
1862 545 1900 614 y
1903 521 2013 581 de

444 613 646 712 Aldonsa
664 623 876 708 defuncta

452 707 512 769 dit
521 714 589 771 dia
607 704 738 773 rebere
743 715 789 765 de
794 704 872 767 mr
865 682 974 767 Pau
971 690 1147 785 ferran
1156 686 1320 787 botiguer
1331 706 1369 754 de
1386 690 1491 752 telas
1492 692 1617 750 viudo
1628 696 1682 750 de
1693 662 1845 771 Bara
1844 678 1914 750 ab
1919 684 1991 744 la

454 786 567 866 Sra
564 794 809 859 Marianna
826 790 998 887 donsella
991 774 1128 875 filla
1144 788 1192 846 de
1201 780 1285 846 mr
1268 786 1436 883 jaume
1451 753 1702 848 Blanxart
1707 774 1914 840 mercader
1931 768 1991 832 de

442 866 583 967 Bara
588 886 758 965 defunct
759 909 809 969 y
827 890 880 938 de
883 886 925 942 la
938 874 1049 936 Sra
1028 865 1261 969 francina

444 974 514 1044 dit
519 976 596 1038 dia
603 968 752 1044 rebere
767 978 813 1042 de
818 970 986 1069 Jaume
1014 966 1169 1056 Esteva
1172 970 1314 1061 mestre
1329 966 1379 1026 de
1382 954 1521 1052 cases
1528 943 1727 1020 habitant
1732 974 1796 1020 en
1817 943 2017 1018 Molin=

452 1063 506 1128 de
499 1082 569 1153 rey
580 1055 667 1153 fill
690 1074 746 1126 de
741 1064 864 1168 juan
879 1041 1043 1148 Esteva
1042 1068 1177 1160 pages
1190 1066 1244 1116 de
1258 1045 1501 1120 Martorell
1475 1074 1537 1132 y
1545 1055 1592 1109 de
1607 1029 1792 1142 Angela
1811 1031 2046 1142 defuncts

464 1152 530 1226 ab
550 1152 813 1254 Magdalena
822 1152 1011 1248 donsella
1020 1141 1139 1236 filla
1160 1152 1214 1207 de
1211 1133 1462 1240 francesch
1455 1137 1617 1242 Julia
1626 1152 1759 1244 pages
1779 1147 1843 1201 de
1842 1129 2015 1203 Molin

460 1266 512 1326 de
501 1280 569 1350 rey
588 1288 628 1373 y
641 1272 695 1324 de
712 1243 986 1352 Magdalena
1009 1247 1232 1334 defuncta

448 1351 506 1418 dit
513 1353 577 1411 dia
586 1343 720 1411 rebere
731 1359 775 1411 de
790 1337 1037 1440 Christophol
1038 1318 1157 1434 Puig
1166 1329 1338 1424 calsater
1347 1335 1389 1393 de
1396 1327 1542 1420 agulla
1553 1329 1615 1387 de
1624 1300 1773 1411 Bara
1744 1319 1849 1405 fill
1850 1327 1897 1377 de
1884 1284 2026 1405 Jua

444 1421 573 1534 Puig
580 1437 728 1524 mestre
749 1437 797 1495 de
806 1441 960 1530 organs
951 1451 1017 1517 y
1030 1437 1090 1497 de
1113 1414 1362 1517 Maryanna
1378 1412 1590 1499 defuncts
1587 1410 1665 1475 ab
1677 1398 1843 1479 Eularia
1842 1406 2017 1470 viuda

448 1539 496 1597 de
519 1537 669 1628 Garau
682 1525 846 1593 Devall
843 1543 1041 1630 parayre
1060 1527 1116 1585 de
1124 1494 1316 1616 Besalu
1323 1517 1444 1577 mori
1451 1537 1521 1577 en
1536 1484 1700 1605 Bara

438 1623 612 1713 Diumege
635 1641 683 1683 a
677 1642 732 1699 9
736 1617 876 1685 rebere
875 1628 934 1682 de
920 1610 1035 1702 Jua
1042 1596 1217 1702 Batista
1229 1598 1375 1697 Pelegri
1384 1620 1562 1705 adroguer
1569 1615 1623 1679 de
1622 1588 1769 1693 Bara
1754 1599 1867 1691 fill
1865 1610 1922 1666 de
1923 1579 2035 1666 Pere

442 1708 626 1809 Batista
645 1696 803 1807 Pelegri
818 1712 939 1781 boter
959 1719 1019 1777 de
1022 1686 1179 1799 Bara
1156 1733 1220 1797 y
1225 1719 1277 1775 de
1286 1700 1562 1799 Magdalena
1573 1706 1763 1785 defuncta
1799 1694 1871 1760 ab
1878 1678 2024 1758 Mar=

450 1813 596 1883 ianna
601 1812 785 1905 donsella
778 1792 915 1895 filla
934 1816 980 1869 de
993 1786 1167 1907 Agusti
1181 1806 1293 1869 lledo
1286 1806 1444 1895 fuster
1430 1823 1489 1885 y
1494 1806 1546 1861 de
1553 1778 1718 1869 Paula

438 1900 504 1964 dit
509 1900 583 1964 dia
592 1892 724 1970 rebere
731 1915 783 1965 de
792 1902 968 1997 Miquel
965 1898 1171 2001 Marques
1170 1902 1316 2012 pages
1321 1904 1373 1965 de
1382 1876 1531 1987 Bara
1522 1888 1629 1993 fill
1634 1902 1682 1962 de
1687 1874 1790 1962 Pere
1815 1885 2018 1980 Marques

446 2008 563 2099 pages
562 2019 618 2077 y
633 2000 685 2058 de
686 1984 960 2083 Margarida
981 1992 1182 2081 defuncts
1201 1988 1273 2050 ab
1292 1978 1537 2081 Marquesa
1545 1976 1741 2075 donsella
1728 1970 1855 2064 filla
1868 1980 1932 2036 de
1929 1949 2048 2034 Ra=

446 2110 551 2152 mon
568 2082 791 2173 Carcasona
798 2096 921 2171 pages
936 2076 1010 2142 del
1018 2074 1125 2138 lloch
1144 2084 1192 2142 de
1215 2070 1328 2136 Livia
1341 2074 1472 2166 bisbat
1487 2084 1537 2136 de
1540 2070 1670 2173 Urgell
1661 2098 1714 2148 y
1719 2082 1773 2136 de
1791 2057 2050 2158 Margarida

448 2162 642 2246 vivents

440 2259 594 2326 dimars
605 2282 642 2314 a
641 2271 726 2317 11
725 2243 870 2319 rebere
885 2259 933 2314 de
924 2249 1057 2340 Juan
1073 2243 1232 2340 Guasch
1235 2259 1362 2344 pages
1370 2231 1574 2305 habitant
1581 2266 1639 2299 en
1526 2200 1565 2248 lo
1567 2203 1723 2245 territori
1724 2195 1768 2244 de
1654 2216 1806 2322 Bara
1795 2229 2003 2324 frances

444 2341 514 2409 ab
525 2337 705 2407 Violant
712 2345 856 2407 viuda
889 2347 947 2409 de
951 2318 1159 2405 Baldiri
1172 2333 1373 2405 Carreras
1382 2345 1519 2440 pages
1524 2339 1645 2393 mori
1656 2353 1716 2389 en
1717 2313 1861 2417 Bara

436 2429 502 2493 dit
515 2433 585 2493 dia
603 2429 740 2497 rebere
745 2441 799 2495 de
788 2427 925 2525 Juan
942 2427 1165 2519 Magrinya
1174 2422 1373 2525 botiguer
1372 2435 1431 2493 de
1437 2425 1546 2493 telas
1557 2435 1615 2491 de
1620 2406 1777 2513 Bara
1756 2420 1877 2511 fill
1884 2423 1981 2483 de

442 2496 720 2589 Barthomeu
749 2514 994 2619 Magrinya
1004 2531 1139 2626 pages
1158 2531 1216 2587 de
1225 2512 1338 2587 Valls
1351 2496 1609 2611 Archebisbat
1626 2512 1676 2566 de
1675 2504 1908 2601 Tarragona
1925 2472 2060 2585 defuct

424 2645 486 2707 y
495 2633 549 2685 de
574 2608 809 2681 Catherina
820 2615 894 2685 ab
904 2592 1065 2683 Paula
1081 2614 1263 2701 donsella
1253 2600 1387 2695 filla
1400 2614 1454 2676 de
1458 2616 1533 2671 mr
1541 2597 1693 2676 Vicens
1713 2581 1960 2698 Requesens
1965 2623 2042 2660 ne=

426 2710 610 2809 gociant
621 2714 683 2770 de
690 2712 791 2772 dita
802 2700 921 2772 vila
912 2731 976 2799 y
985 2718 1041 2777 de
1048 2684 1206 2777 Paula

430 2790 628 2862 Dimecres
639 2820 675 2854 a
680 2808 781 2854 12
774 2790 913 2854 rebere
922 2798 974 2852 de
983 2788 1155 2854 Antoni
1164 2769 1389 2850 Comadara
1396 2800 1580 2883 parayre
1608 2779 1662 2838 de
1677 2759 1765 2842 St
1758 2761 1936 2840 Llorens
1951 2773 2024 2834 ça

444 2882 551 2944 vall
564 2878 679 2944 viudo
696 2875 770 2940 ab
780 2875 941 2944 Maria
965 2875 1141 2958 donsella
1140 2870 1254 2956 filla
1266 2878 1320 2931 de
1349 2863 1505 2958 Miquel
1526 2853 1714 2952 Espalter
1699 2861 1859 2950 sastre
1874 2865 1918 2913 de
1927 2839 2030 2917 dita

452 2953 656 3060 parrochia
658 2986 707 3046 y
717 2969 775 3025 de
789 2966 822 3023 t

444 3053 510 3123 dit
529 3061 598 3117 dia
619 3057 760 3121 rebere
780 3063 833 3117 de
851 3036 1048 3115 Andreu
1071 3020 1216 3107 Riba
1229 3037 1415 3126 calsater
1430 3043 1488 3103 de
1492 3031 1649 3132 agulla
1661 3029 1875 3101 habitant
1886 3047 1995 3097 en

434 3118 602 3221 Bara
590 3135 705 3223 fill
715 3147 777 3203 de
765 3137 919 3233 Juan
936 3122 1082 3203 Riba
1095 3151 1230 3238 pages
1253 3145 1308 3201 de
1331 3114 1495 3207 Pallas
1516 3116 1668 3235 bisbat
1689 3141 1735 3193 de
1750 3118 1906 3233 Urgell
1929 3133 2007 3197 de=

430 3226 587 3323 funct
588 3255 646 3323 y
664 3237 718 3299 de
741 3224 917 3299 Maria
936 3226 1014 3285 ab
1014 3226 1257 3299 Catherina
1266 3226 1411 3293 viuda
1425 3234 1479 3291 de
1508 3220 1704 3309 Hierony
1722 3202 1989 3315 Monistrol

442 3347 563 3438 pages
582 3341 644 3393 de
655 3316 911 3417 Sanahuja
936 3328 998 3389 de
1014 3312 1086 3395 dit
1093 3304 1240 3433 bisbat
