2690 3794
355 300 514 405 Dijous
528 328 568 371 a
587 319 651 380 18
663 302 806 376 rebere
818 309 869 369 de
881 289 976 376 Pau
1005 281 1134 371 Poble
1149 302 1286 389 pages
1297 300 1356 362 de
1361 280 1439 364 St
1433 289 1621 360 Llorens
1629 290 1711 360 del
1705 314 1830 362 munt
1829 307 1967 362 terme

380 415 433 472 de
447 401 592 472 Mata
598 412 651 467 de
659 379 772 467 Pera
766 399 864 490 fill
878 396 931 463 de
930 406 1084 490 jaume
1105 379 1226 463 Poble
1231 406 1369 494 pages
1355 421 1416 474 y
1418 390 1466 454 de
1451 388 1623 483 Juana
1649 390 1715 456 ab
1728 390 1953 490 Constasa

380 504 565 603 donsella
567 488 693 592 filla
697 502 752 561 de
771 493 938 561 Valenti
955 482 1116 588 Singla
1119 506 1246 586 pages
1254 498 1309 557 de
1310 482 1578 557 Talamanca
1591 479 1746 581 bisbat
1741 489 1798 546 de
1793 475 1918 545 Vich

360 625 419 688 y
429 609 482 667 de
501 596 758 702 Margarida

376 694 440 763 dit
457 703 527 769 dia
544 685 686 762 rebere
697 696 745 758 de
752 698 855 787 juan
874 672 1017 758 Malet
1022 701 1211 787 parayre
1149 632 1268 689 habitat
1272 650 1307 684 en
1231 677 1277 740 #
1287 647 1440 757 Bara
1438 672 1518 758 fill
1535 674 1596 729 de
1587 667 1722 759 Juan
1741 654 1913 735 Malet

385 788 530 858 texidor
544 797 592 850 de
602 782 655 848 lli
672 795 718 847 de
732 784 929 878 Terrassa
922 806 981 870 y
987 789 1048 845 de
1048 778 1300 872 Margarida
1314 762 1515 863 defuncts
1537 768 1599 830 ab
1582 759 1758 858 Juana
1775 741 1940 823 Anna

379 883 561 977 donsella
571 874 689 968 filla
713 885 765 948 de
777 869 942 971 Miquel
957 845 1098 939 Robi
1103 875 1302 971 negociant
1315 874 1363 928 de
1371 862 1412 928 la
1420 860 1540 928 vila
1552 862 1603 926 de
1613 840 1852 957 Puigcerda
1863 849 1933 921 bis=

374 979 449 1044 bat
461 981 514 1042 de
511 976 642 1071 Urgell
632 999 691 1069 y
704 976 763 1038 de
787 970 1047 1060 Hieronyma
1061 954 1277 1060 defuncts

379 1075 431 1129 dit
444 1067 498 1127 dia
515 1055 654 1129 rebere
671 1077 717 1129 de
716 1073 849 1157 jaume
870 1049 958 1133 Pou
963 1083 1132 1159 parayre
1145 1061 1201 1123 de
1214 1053 1418 1153 Terrassa
1423 1047 1517 1139 fill
1526 1053 1574 1111 de
1577 1037 1726 1111 Antich
1738 1017 1829 1111 Pou
1828 1051 1955 1145 fuster

383 1170 433 1228 de
450 1160 536 1222 dita
548 1158 650 1220 vila
645 1180 693 1240 y
706 1164 757 1212 de
775 1138 972 1234 Elisabeth
993 1156 1181 1232 defuncts
1196 1154 1256 1210 ab
1273 1148 1536 1240 Magdalena
1549 1140 1702 1238 dosella
1693 1144 1817 1230 filla
1820 1154 1900 1206 de

464 1269 490 1323 t
604 1251 844 1345 Vaccarisses
847 1269 1011 1359 parayre
1022 1259 1081 1315 de
1091 1243 1162 1313 #
1168 1257 1213 1317 de
1216 1251 1296 1313 dita
1304 1249 1404 1308 vila
1413 1247 1576 1329 defunct
1571 1269 1627 1323 y
1632 1245 1691 1311 de
1701 1235 1961 1335 Magdalena

357 1318 435 1396 Dit
442 1340 506 1399 dia
515 1340 646 1400 rebere
653 1340 702 1402 del
726 1332 786 1396 Sr
786 1318 972 1422 Sylvestre
977 1332 1153 1400 Arnella
1164 1332 1380 1420 apothecari
1391 1334 1446 1394 de
1453 1336 1631 1400 Sabadell
1616 1336 1716 1420 fill
1725 1336 1791 1400 del
1788 1326 1914 1400 Sr

377 1422 577 1508 Sylvestre
584 1415 757 1485 Arnella
767 1417 832 1480 dr
827 1437 875 1484 en
888 1423 1076 1484 medicina
1064 1443 1122 1503 y
1133 1421 1185 1484 de
1188 1419 1242 1478 la
1265 1401 1373 1472 Sra
1354 1399 1536 1482 beneta
1551 1415 1623 1478 ab
1624 1419 1679 1480 la
1687 1403 1781 1480 Sra
1778 1417 1945 1498 Maryan

384 1540 437 1579 na
452 1512 603 1610 donsella
608 1502 696 1602 fill
706 1520 751 1577 de
769 1506 920 1592 Gabriel
937 1497 1059 1575 Alba
1077 1516 1280 1602 negociant
1289 1510 1345 1569 de
1360 1502 1493 1571 Caldes
1498 1508 1554 1565 de
1575 1502 1752 1589 Monbuy
1759 1505 1931 1586 defunct

359 1635 421 1707 y
434 1619 486 1684 de
499 1599 683 1706 Angela

381 1710 440 1776 dit
452 1710 522 1772 dia
529 1700 664 1767 rebere
667 1704 724 1767 de
729 1691 897 1794 Miquel
904 1677 1117 1758 Olivelles
1118 1694 1303 1777 parayre
1320 1682 1375 1742 de
1391 1680 1530 1752 Caldes
1537 1682 1596 1742 de
1606 1676 1782 1761 Monbuy
1779 1674 1883 1770 fill
1882 1680 1932 1737 de

392 1787 527 1860 Steva
544 1794 716 1860 Olivelles
729 1806 905 1890 parayre
919 1794 972 1852 de
984 1786 1077 1845 dita
1085 1786 1185 1841 vila
1201 1775 1368 1873 defunct
1350 1797 1409 1860 y
1414 1779 1470 1837 de
1490 1773 1635 1869 Gratia
1656 1777 1734 1839 ab
1744 1760 1909 1843 Paula

383 1892 571 1990 donsella
583 1885 703 1984 filla
723 1894 791 1951 de
967 1879 1136 1953 Cortada
1148 1890 1278 1979 pages
1296 1879 1355 1936 de
1363 1872 1517 1966 frança
1505 1890 1584 1964 y
1593 1868 1646 1932 de
1783 1844 1982 1951 defuncts

383 1992 452 2055 dit
462 1992 527 2053 dia
534 1982 687 2055 rebere
696 1990 751 2047 de
755 1976 928 2074 Miquel
940 1970 1146 2045 Vedrinas
1149 1988 1320 2070 parayre
1336 1972 1391 2031 de
1394 1968 1584 2060 Terrassa
1581 1964 1680 2055 fill
1685 1970 1740 2035 de
1753 1954 1948 2048 Miquel

381 2079 579 2147 Vedrinas
595 2094 772 2178 parayre
761 2104 818 2169 y
829 2075 890 2141 de
915 2071 1212 2163 Montserrada
1232 2057 1302 2124 ab
1319 2046 1526 2138 Elisabeth
1534 2047 1721 2140 donsella
1714 2053 1843 2149 filla
1850 2057 1905 2113 de

369 2176 470 2270 Jua
492 2172 671 2236 Mathia
683 2191 861 2273 parayre
876 2172 927 2227 de
936 2166 1051 2234 dita
1049 2163 1160 2222 vila
1161 2185 1212 2246 y
1229 2163 1284 2223 de
1304 2151 1494 2246 Elisabeth
1517 2155 1706 2247 defuncta

379 2263 443 2344 dit
458 2286 525 2343 dia
546 2278 681 2339 rebere
696 2278 738 2337 de
746 2272 876 2363 Juan
895 2260 961 2331 La
964 2282 1059 2326 rua
1075 2280 1238 2361 perayre
1250 2271 1295 2322 de
1313 2263 1502 2316 Sabadell
1500 2247 1595 2344 fill
1608 2257 1652 2308 de
1650 2249 1759 2337 Jua
1767 2246 1831 2313 La
1843 2272 1933 2306 rua

380 2393 537 2473 perayre
558 2381 603 2436 de
618 2375 701 2432 dita
710 2372 802 2429 vila
797 2394 857 2457 y
872 2378 931 2431 de
945 2372 1194 2453 Margarida
1213 2364 1274 2420 ab
1296 2349 1530 2436 Maryanna
1542 2353 1714 2431 donsella
1719 2343 1831 2432 filla
1856 2341 1907 2403 de

378 2475 548 2560 Miquel
578 2459 781 2526 Tintorer
763 2467 909 2560 sastre
937 2474 983 2525 de
999 2457 1067 2526 St
1077 2464 1202 2552 Cugat
1213 2459 1263 2516 de
1267 2456 1422 2516 Vallers
1421 2480 1474 2536 y
1486 2457 1535 2512 de
1537 2454 1712 2536 Juana

367 2565 540 2623 divendres
557 2587 587 2620 a
605 2583 649 2638 19
661 2570 699 2620 de
710 2570 752 2620 dit
767 2561 883 2621 rebere
901 2564 944 2620 de
951 2562 1073 2620 Steva
1099 2557 1194 2642 Costa
1186 2548 1361 2638 sabater
1378 2556 1417 2612 de
1429 2535 1498 2607 St
1500 2538 1628 2631 Esteva
1647 2543 1693 2601 de
1693 2532 1900 2596 Vilardell

361 2654 447 2741 fill
459 2661 508 2720 de
501 2652 630 2740 Juan
654 2652 762 2739 Costa
754 2672 817 2737 y
827 2627 991 2717 Planes
999 2665 1120 2752 pages
1132 2658 1184 2713 de
1190 2652 1276 2704 dita
1272 2637 1489 2740 parrochia
1494 2658 1548 2719 y
1557 2644 1614 2697 de
1598 2633 1661 2715 #
1655 2626 1820 2713 Juana
1836 2607 1916 2684 ab

379 2728 556 2808 Eularia
577 2741 755 2832 donsella
772 2735 895 2832 filla
901 2745 951 2801 de
947 2741 1079 2830 Juan
1080 2738 1216 2832 faja
1232 2754 1355 2833 pages
1374 2738 1432 2790 de
1442 2736 1531 2794 dita
1530 2719 1758 2825 parrochia
1774 2722 1945 2808 defunct

360 2860 413 2924 y
412 2851 469 2907 de
459 2837 611 2940 Juana

376 2930 539 3034 dissapte
562 2957 597 2993 a
610 2946 688 2998 20
706 2916 847 2988 rebere
863 2935 912 2984 de
909 2914 1013 3017 Jua
1022 2901 1214 3017 Prescoli
1225 2928 1350 3015 pages
1360 2930 1423 2976 de
1424 2908 1594 3001 Tortosa
1603 2897 1815 2969 habitant
1822 2921 1898 2962 en

381 3028 488 3118 bara
490 3028 623 3090 viudo
646 3026 707 3084 ab
723 3016 936 3118 Speransa
945 3023 1078 3084 viuda
1095 3024 1151 3075 de
1261 3010 1430 3115 Jorda
1439 3016 1563 3106 pages
1579 3009 1632 3061 de
1644 2976 1820 3058 Perello
1825 2988 1951 3092 bisbat

372 3142 437 3198 de
446 3117 664 3221 Tortosa
