2690 3794
373 287 605 404 Diumege
628 319 665 364 a
691 313 779 368 22
804 285 965 359 rebere
989 300 1042 362 de
1059 294 1255 400 Gabriel
1283 304 1401 400 Tost
1416 326 1626 413 parayre
1646 313 1701 372 de
1719 283 1881 394 Bara
1864 319 1991 411 fill

392 397 447 456 de
461 391 650 499 Gabriel
668 388 797 476 Tost
800 410 1001 493 parayre
1026 390 1208 478 defunct
1211 419 1264 475 y
1279 397 1334 454 de
1349 386 1610 458 Alemanda
1630 397 1705 460 ab
1700 395 1835 460 Anna
1851 405 2045 495 donsella

374 487 505 575 filla
519 490 575 544 de
597 468 808 544 Emanuel
832 477 1102 579 Massaguer
1101 501 1307 585 parayre
1327 487 1382 544 de
1389 455 1556 571 Bara
1559 492 1736 579 defunct
1731 511 1780 589 y
1779 496 1835 557 de
1845 489 2078 589 Stephania

382 580 462 631 Dit
471 578 542 631 dia
552 567 683 630 rebere
699 580 748 635 de
755 554 930 635 Bernat
944 561 1060 671 Puig
1080 582 1216 656 sastre
1240 576 1313 633 del
1319 591 1438 663 regne
1449 576 1494 637 de
1491 578 1666 676 frança
1689 574 1890 644 habitant
1899 599 1980 642 en

403 659 571 719 Cervera
593 647 727 749 bisbat
749 662 801 719 de
817 659 994 751 Solsona
1020 655 1094 727 ab
1103 651 1376 749 Margarida
1391 670 1583 754 donsella
1578 675 1709 762 filla
1723 675 1784 734 de
1804 659 2012 753 Montser=

396 774 468 812 rat
467 755 586 844 font
602 772 768 850 manya
792 761 847 820 de
867 735 1017 839 Bara
1014 780 1065 837 y
1089 759 1146 820 de
1176 748 1446 855 Margarida
1474 765 1668 863 defuncts

382 841 459 910 Dit
463 850 538 906 dia
548 834 686 906 rebere
705 854 758 913 de
770 838 938 911 Antoni
962 845 1185 939 Castelltort
1200 856 1344 945 sastre
1358 858 1407 921 de
1418 847 1514 919 Sta
1513 849 1674 924 Coloma
1685 854 1740 919 de
1741 849 1918 936 Monbuy
1926 854 2008 911 del

396 940 528 1036 bisbat
539 944 594 1005 de
595 933 702 1001 Vich
716 925 924 997 habitant
935 957 1001 999 en
1012 929 1083 997 St
1082 929 1276 1003 Andreu
1296 946 1351 1007 de
1362 935 1425 999 La
1437 931 1577 999 barca
1594 942 1728 1003 viudo
1739 944 1813 1003 ab
1822 925 2030 1034 Elisabeth

386 1039 580 1131 donsella
597 1037 725 1124 filla
745 1035 802 1100 de
821 1015 951 1094 Pere
972 1013 1110 1128 Pages
1120 1050 1257 1131 pages
1275 1033 1357 1102 del
1364 1009 1546 1135 Papiol
1555 1039 1722 1130 defunct
1729 1058 1778 1137 y
1779 1049 1833 1103 de
1837 1011 2034 1109 Beneta

382 1127 540 1182 Dilluns
544 1149 576 1182 a
585 1134 658 1188 23
680 1121 841 1191 rebere
854 1136 905 1195 de
929 1123 1108 1227 Miquel
1126 1132 1293 1197 Cuberta
1304 1138 1498 1225 adroguer
1503 1140 1558 1202 de
1567 1118 1713 1221 Bara
1706 1142 1823 1199 viudo
1835 1132 1906 1195 ab
1905 1134 2024 1199 Ma=

392 1207 547 1275 thiana
554 1222 702 1277 viuda
716 1213 775 1279 de
1008 1207 1166 1277 Rocha
1182 1222 1297 1283 oller
1302 1231 1355 1283 de
1366 1211 1518 1305 Bara

386 1308 582 1378 Dimecres
600 1330 632 1371 a
649 1321 733 1371 25
747 1300 895 1376 rebere
890 1327 940 1376 de
956 1321 1086 1404 janot
1082 1319 1243 1408 ferrer
1252 1334 1376 1423 pages
1400 1313 1599 1383 habitant
1611 1343 1666 1385 en
1687 1313 1941 1385 Vilardona

382 1409 509 1466 viudo
531 1394 601 1458 ab
612 1396 785 1460 Maria
800 1399 992 1492 donsella
993 1407 1121 1492 filla
1142 1409 1195 1470 de
1207 1396 1384 1468 Antoni
1406 1388 1610 1501 Bellsol
1605 1427 1750 1505 pages
1756 1414 1819 1477 de
1826 1403 1983 1475 Vilaro

384 1506 495 1564 dona
492 1521 553 1585 y
568 1500 629 1563 de
660 1485 849 1557 Maria

380 1590 569 1652 Divendres
587 1614 627 1654 a
632 1593 728 1658 27
735 1576 911 1646 rebere
908 1576 971 1656 de
974 1565 1090 1649 Pere
1107 1575 1288 1667 Vinyals
1298 1591 1504 1643 tavarner
1511 1580 1598 1650 del
1587 1586 1726 1685 regne
1733 1584 1800 1658 de
1785 1574 1982 1687 frança

388 1674 584 1749 habitant
595 1703 656 1744 en
682 1662 826 1764 Bara
827 1674 899 1736 ab
906 1672 1125 1738 Catherina
1132 1676 1270 1738 viuda
1283 1685 1328 1738 de
1341 1664 1539 1766 domingo
1561 1670 1780 1751 Terrades
1795 1681 1946 1746 corder

378 1788 555 1878 Dissapte
577 1804 613 1842 a
628 1783 717 1855 28
734 1766 897 1853 rebere
898 1781 965 1847 de
964 1761 1085 1846 Pere
1091 1769 1284 1844 Lorman
1292 1795 1435 1893 pages
1442 1781 1520 1857 de
1499 1782 1690 1889 frança
1694 1772 1913 1863 habitant
1910 1795 1988 1865 en

376 1864 534 1973 Bara
544 1875 619 1938 ab
635 1875 909 1962 Hieronyma
931 1873 1125 1970 donsella
1116 1883 1268 1968 filla
1302 1883 1353 1943 de
1349 1873 1502 1968 Juan
1520 1855 1715 1945 Borrell
1715 1896 1854 1992 pages
1874 1881 1950 1943 de

376 1969 646 2076 Agramunt
672 1970 828 2071 bisbat
848 1978 899 2041 de
921 1967 1063 2067 Urgell
1085 1980 1266 2065 defunct
1261 2000 1320 2057 y
1333 1981 1384 2044 de
1403 1959 1620 2076 Elisabeth

373 2064 576 2181 Diumege
589 2101 627 2140 a
646 2086 741 2165 29
741 2071 905 2150 rebere
914 2078 976 2150 de
985 2077 1187 2175 Sebastia
1205 2054 1324 2147 Bas
1323 2097 1461 2184 pages
1476 2080 1548 2158 de
1557 2060 1711 2175 Bara
1696 2069 1826 2179 fill
1817 2069 1935 2171 de

386 2170 565 2274 Llatser
585 2151 712 2244 Bas
724 2181 870 2259 mestre
883 2180 930 2235 de
941 2183 1056 2264 cases
1037 2198 1098 2259 y
1101 2180 1152 2240 de
1159 2166 1461 2262 Montserrada
1472 2178 1662 2257 defuncts
1689 2178 1763 2240 ab
1768 2163 1964 2238 Eularia

384 2282 516 2345 viuda
531 2282 582 2345 de
602 2273 766 2376 Gaspar
780 2269 895 2341 Oller
919 2265 1096 2360 hostaler
1103 2280 1150 2337 de
1171 2265 1423 2360 Vilafranca
1447 2280 1502 2345 de
1520 2247 1757 2347 Panaders

370 2375 551 2438 Dilluns
554 2396 594 2436 a
607 2372 685 2439 30
694 2364 855 2443 rebere
854 2366 927 2443 de
934 2346 1223 2453 Barthomeu
1246 2375 1432 2447 Velloria
1437 2392 1575 2483 pages
1579 2377 1645 2445 de
1661 2362 1835 2436 Horta
1841 2372 1939 2468 fill
1932 2372 2004 2451 de

378 2461 605 2530 Salvador
622 2452 833 2531 Velloria
842 2478 984 2569 pages
1004 2472 1189 2561 defunct
1178 2493 1243 2561 y
1250 2478 1311 2542 de
1333 2471 1516 2541 Maria
1544 2460 1836 2572 Magdalena
1886 2465 1975 2539 ab

394 2549 679 2653 Maryanna
699 2557 922 2656 donsella
925 2559 1071 2662 filla
1088 2570 1148 2632 de
1173 2551 1458 2654 Montserrat
1489 2559 1695 2642 Trullas
1706 2586 1854 2682 pages
1874 2573 1954 2643 de

398 2650 490 2731 St
475 2655 611 2757 Cugat
631 2663 692 2729 de
701 2652 882 2729 Vallers
873 2685 932 2750 y
950 2657 1009 2725 de
1030 2650 1316 2750 Maryanna
