2690 3794
412 241 480 305 dit
505 233 579 299 dia
593 224 724 291 rebere
739 241 787 295 de
800 204 1075 297 Barthomeu
1088 206 1306 315 Barenys
1296 231 1461 323 sastre
1474 217 1666 288 habitant
1671 245 1735 284 en
1742 204 1896 309 Bara
1868 198 1975 317 fill

416 332 474 388 de
473 322 604 412 Juan
627 298 862 424 Barenys
869 330 1010 435 pages
1034 332 1083 388 de
1098 314 1309 386 Cambrils
1318 298 1595 420 Archebisbat
1606 316 1658 376 de
1673 296 1965 402 Tarragona

420 407 634 514 defunct#
652 442 697 518 y
698 421 764 483 de
792 409 925 481 Clara
968 409 1030 469 ab
1043 407 1319 502 Hieronyma
1332 401 1516 504 donsella
1503 401 1642 502 filla
1657 411 1711 469 de
1736 369 1881 469 Perot
1889 389 1979 512 Go=

424 519 523 603 miz
538 519 693 605 sastre
706 537 760 599 y
780 511 848 579 de
879 478 1116 617 Raphela

418 620 486 678 dit
505 610 579 670 dia
590 600 732 670 rebere
741 616 793 672 de
812 594 1053 686 Hieronym
1074 574 1274 686 Arenys
1276 593 1433 650 notari
1436 594 1536 644 real
1549 590 1601 644 de
1625 555 1776 666 Bara
1763 581 1873 676 fill
1882 586 1944 644 de

394 677 587 798 franch
601 683 781 790 Arenys
798 703 908 773 nots
893 714 953 779 y
962 693 1022 757 de
1042 675 1207 751 Eleonor
1224 681 1420 767 defuncts
1430 679 1493 737 ab
1509 667 1680 737 Maria
1694 663 1894 761 donsella
1891 663 2034 751 filla

424 809 474 873 de
473 792 604 903 Jua
623 797 772 859 Serra
792 791 986 852 corredor
999 792 1057 850 de
1066 789 1219 844 orella
1237 778 1410 865 defunct
1411 801 1451 875 y
1460 780 1512 834 de
1529 756 1754 855 Elisabeth
1750 762 1946 865 Juana

414 892 608 969 dilluns
625 919 671 960 a
681 914 730 965 7
751 869 917 954 rebere
918 892 971 947 de
973 887 1049 944 mr
1037 880 1207 976 Jaume
1222 885 1277 938 de
1287 860 1383 938 Deu
1386 865 1515 931 doctor
1523 890 1587 929 en
1602 867 1815 927 medicina
1827 836 1992 924 habitat

425 1018 480 1061 en
495 970 651 1073 Bara
650 986 746 1082 fill
767 984 817 1048 de
823 979 1027 1077 Sebastia
1042 982 1090 1041 de
1102 973 1202 1046 Deu
1195 937 1304 1014 pages
1217 973 1396 1064 defunct
1388 991 1454 1057 y
1476 966 1533 1034 de
1535 953 1720 1057 Luysa
1744 957 1833 1021 del
1838 941 1972 1019 lloch

427 1101 484 1160 de
508 1063 732 1185 Rigarda
758 1074 917 1176 bisbat
929 1076 986 1142 de
1003 1052 1130 1140 Elna
1168 1063 1236 1131 ab
1251 1054 1511 1158 Maryanna
1526 1058 1709 1160 donsella
1706 1049 1831 1151 filla
1834 1047 1885 1111 de
1895 1041 1976 1112 mr

398 1182 597 1309 Jaume
610 1164 894 1279 Montserrat
909 1175 1130 1277 negociant
1143 1173 1194 1239 de
1213 1146 1378 1264 Bara
1366 1191 1412 1270 y
1418 1166 1479 1226 de
1501 1139 1675 1223 Anna

436 1285 597 1347 dimars
612 1303 642 1342 a
670 1292 707 1347 8
724 1261 872 1329 rebere
886 1272 939 1331 de
961 1242 1148 1331 Bernat
1168 1258 1333 1329 Mauri
1334 1267 1531 1324 mariner
1546 1252 1599 1316 de
1611 1254 1668 1316 la
1690 1231 1835 1352 Geltru
1825 1229 1959 1324 fill
1960 1238 2017 1297 de

418 1366 606 1448 Arnau
614 1362 795 1437 Mauri
812 1368 1031 1428 mariner
1042 1357 1234 1448 defunct
1233 1384 1295 1441 y
1303 1351 1360 1414 de
1372 1328 1648 1441 Eufrahina
1663 1344 1745 1408 ab
1760 1323 1968 1401 Maria

432 1472 619 1562 donsella
634 1449 770 1561 filla
787 1463 838 1522 de
855 1451 1053 1564 Galcera
1064 1456 1250 1562 Urgelles
1265 1461 1398 1558 pages
1411 1449 1466 1515 de
1485 1440 1601 1509 dita
1598 1418 1860 1554 parrochia
1868 1445 1918 1533 y
1926 1418 1988 1486 de

434 1548 721 1664 Eufrahina

429 1667 502 1742 dit
515 1667 588 1729 dia
598 1649 730 1729 rebere
747 1661 795 1722 de
821 1638 1067 1738 Hieronym
1080 1634 1218 1709 Comes
1213 1631 1369 1734 #
1377 1636 1520 1736 pages
1537 1636 1599 1698 de
1607 1591 1873 1684 Badalona
1868 1604 1981 1711 fill

432 1771 491 1837 de
501 1753 752 1846 Hieronym
776 1741 919 1821 Comes
902 1744 1099 1848 sastre
1089 1757 1160 1828 y
1177 1735 1230 1803 de
1249 1721 1520 1832 Margarida
1541 1726 1747 1814 defuncta
1762 1721 1831 1778 ab
1836 1694 2008 1776 Anna

409 1863 581 1960 dosella
580 1854 728 1956 filla
740 1856 802 1918 de
832 1845 1040 1947 Miquel
1051 1829 1311 1954 Campmany
1323 1847 1454 1947 pages
1478 1827 1538 1900 de
1548 1818 1653 1895 dita
1652 1809 1903 1931 parrochia
1890 1831 1963 1902 y

429 1964 484 2028 de
515 1946 806 2055 Magdalena
826 1935 1076 2030 #

432 2047 498 2116 dit
510 2054 583 2113 dia
592 2036 730 2109 rebere
740 2047 793 2104 de
803 2032 1020 2131 Hyacinto
1037 2007 1311 2093 Barthomeu
1314 2025 1448 2122 pintor
1458 2002 1671 2080 habitant
1670 2034 1729 2071 en
1739 1975 1885 2089 Bara
1879 1993 1986 2091 fill

432 2146 482 2203 de
510 2130 577 2199 #
576 2130 752 2235 Gabriel
778 2103 1047 2196 Barthomeu
1057 2126 1236 2190 vedrier
1249 2126 1297 2183 de
1287 2110 1419 2210 forn
1433 2115 1488 2174 de
1487 2099 1689 2208 Vilassar
1663 2128 1736 2196 y
1746 2101 1803 2170 de
1816 2088 2013 2160 Victoria

434 2236 640 2327 defuncts
652 2232 718 2300 ab
738 2207 959 2316 Elisabeth
961 2220 1103 2286 viuda
1123 2222 1180 2282 de
1190 2195 1311 2284 Pere
1318 2200 1468 2280 Amat
1467 2200 1718 2313 pedrenyaler
1737 2198 1797 2266 de
1796 2180 1970 2286 Caldes

439 2342 493 2408 de
519 2317 707 2417 Monbuy

423 2418 601 2482 Dimecres
613 2428 662 2471 a
659 2431 715 2487 9
712 2392 848 2461 rebere
861 2404 907 2458 de
893 2378 1000 2482 Jua
1015 2382 1214 2453 Sobrevila
1220 2393 1277 2472 #
1282 2380 1430 2444 hortola
1439 2372 1643 2440 habitant
1655 2387 1714 2439 en
1733 2342 1889 2451 Bara
1876 2348 1984 2440 fill

434 2506 484 2565 de
481 2490 586 2594 Jua
596 2490 827 2561 Sobrevila
848 2483 1016 2554 hortola
1008 2508 1074 2576 y
1087 2488 1133 2547 de
1145 2463 1403 2561 Hieronyma
1427 2461 1641 2554 defuncts
1658 2461 1736 2522 ab
1735 2447 1873 2518 Tecla
1888 2450 2002 2511 don=

414 2591 532 2687 sella
535 2582 658 2680 filla
670 2598 725 2651 de
733 2593 896 2689 jaume
911 2573 1061 2648 Cabrer
1062 2582 1200 2680 pages
1211 2573 1266 2637 de
1289 2562 1502 2637 Cambrils
1505 2548 1797 2651 Archebisbat
1820 2546 1873 2612 de
1884 2524 2013 2608 Ter=

434 2701 593 2774 ragona
585 2708 640 2767 y
655 2694 718 2752 de
731 2670 887 2750 Tecla

436 2769 496 2830 dit
497 2769 572 2830 dia
578 2755 728 2833 rebere
735 2769 793 2828 de
810 2753 973 2855 Gabriel
988 2749 1135 2851 Gomar
1154 2757 1344 2844 argenter
1352 2730 1549 2808 habitant
1562 2760 1621 2799 en
1649 2699 1808 2819 Bara
1791 2721 1905 2821 fill
1910 2726 1974 2788 de

439 2850 545 2967 Gili
562 2852 734 2970 Gomar
724 2850 890 2954 sastre
913 2852 968 2918 de
985 2836 1166 2940 Calaph
1183 2829 1333 2940 bisbat
1348 2843 1401 2902 de
1400 2827 1511 2904 Vich
1505 2861 1558 2916 y
1571 2836 1630 2898 de
1647 2818 1842 2900 Eularia
1859 2789 2033 2911 defucts

439 2964 509 3028 ab
535 2949 752 3039 Elisabeth
772 2949 964 3048 donsella
965 2933 1103 3039 filla
1125 2946 1175 3001 de
1206 2937 1394 3006 Climent
1400 2933 1538 3006 Soler
1544 2937 1758 3037 argenter
1773 2922 1831 2988 de
1841 2895 2015 3006 Bara

416 3086 478 3152 y
495 3072 570 3132 de
578 3043 856 3152 Maryanna

429 3158 502 3224 dit
508 3155 570 3217 dia
589 3144 739 3217 rebere
749 3153 811 3215 de
821 3126 1007 3210 Antoni
999 3133 1133 3244 fetjo
1143 3153 1324 3233 parayre
1339 3137 1398 3199 de
1406 3106 1497 3197 St
1501 3126 1619 3226 Cugat
1620 3122 1673 3188 de
1676 3112 1828 3183 Vallers
1823 3115 1927 3199 fill
1933 3112 1988 3174 de

414 3239 527 3331 Jua
533 3236 671 3332 fetjo
684 3245 813 3345 pages
819 3261 867 3320 y
884 3236 941 3302 de
963 3223 1148 3300 Eularia
1172 3223 1376 3312 defuncts
1397 3225 1472 3293 ab
1476 3216 1664 3296 Violant
1670 3216 1831 3280 viuda
1848 3207 1914 3278 de
1899 3183 2065 3312 Jua

429 3335 599 3408 Moner
610 3328 741 3404 boter
754 3335 815 3399 de
821 3328 919 3395 dita
931 3322 1061 3392 vila
