2690 3794
312 275 530 372 Dilluns
539 314 570 354 a
586 307 665 370 24
678 279 819 356 rebere
827 290 880 359 de
883 281 1099 389 Sylvestre
1120 284 1313 363 Ramon
1328 307 1467 393 pages
1480 300 1540 363 de
1555 281 1767 405 Ripollet
1775 300 1880 386 fill
1894 300 1970 361 de

373 390 537 460 Antich
548 369 745 456 Ramon
761 392 901 486 pages
896 411 954 479 y
967 390 1020 451 de
1040 376 1313 483 Magdalena
1345 388 1415 451 ab
1423 381 1687 460 Marianna
1695 390 1890 481 donsella
1887 381 2025 467 filla

368 501 435 564 de
444 466 736 557 Barthomeu
756 478 859 548 Clos
872 492 1005 580 pages
1002 505 1060 562 y
1073 478 1133 539 de
1149 478 1204 541 t
1222 480 1320 541 tots
1326 482 1389 546 de
1402 473 1518 543 dita
1520 466 1779 578 parrochia

356 584 535 654 Dimars
546 596 584 636 a
593 575 686 638 25
704 561 849 633 rebere
848 570 906 631 de
929 563 1110 659 Miquel
1125 547 1325 631 Ramon
1331 584 1528 668 parayre
1541 568 1601 631 de
1605 536 1767 650 Bara
1759 554 1876 647 fill
1884 556 1954 620 de

364 665 495 765 Joan
515 635 717 737 Ramon
730 676 920 765 parayre
917 683 979 745 y
995 660 1046 724 de
1066 642 1346 754 Hieronyma
1369 653 1440 717 ab
1447 642 1627 724 Maria
1629 630 1807 714 Paula
1825 640 2001 735 dosella

359 759 480 860 filla
501 767 561 832 de
583 753 781 860 Guillem
794 736 925 830 Delvi
931 769 1128 855 parayre
1149 753 1206 814 de
1215 746 1410 818 Centelles
1416 744 1604 844 defunct
1586 773 1654 837 y
1662 748 1720 816 de
1719 739 1916 818 Violant

364 861 566 929 Dimecres
579 882 620 927 a
636 866 731 929 26
730 854 883 920 rebere
891 861 946 922 de
945 831 1143 922 Bernat
1158 824 1417 945 Balthesar
1430 857 1741 938 ayguardenter
1754 845 1826 915 del
1825 871 1977 950 regne

380 958 435 1029 de
461 949 639 1047 Castella
659 937 856 1015 habitant
872 965 934 1010 en
948 919 1112 1021 Bara
1094 944 1213 1038 fill
1222 951 1280 1012 de
1291 928 1485 1021 Bernat
1492 924 1750 1045 Balthesar
1740 967 1805 1033 y
1820 944 1873 1010 de
1891 933 1956 1006 t

380 1041 457 1112 ab
468 1044 755 1149 Margarida
768 1048 934 1112 viuda
948 1044 1008 1109 de
1009 1011 1173 1109 Perris
1194 1037 1332 1119 Celles
1340 1048 1504 1116 texidor
1513 1050 1568 1114 de
1577 1046 1642 1114 lli
1648 1044 1727 1114 del
1719 1064 1854 1144 regne
1856 1046 1913 1109 de
1905 1032 2034 1142 fraça

371 1138 445 1206 Dit
456 1136 537 1204 dia
543 1132 696 1202 rebere
706 1143 776 1206 de
789 1129 984 1237 Gabriel
995 1132 1237 1206 Taraval
1248 1141 1457 1243 calsater
1477 1145 1530 1209 de
1544 1118 1712 1241 Bara
1690 1141 1807 1239 fill
1820 1150 1873 1216 de
1889 1111 1999 1216 An=

371 1247 483 1310 toni
489 1226 755 1308 Taraval
777 1231 1001 1341 calsater
978 1254 1050 1329 y
1066 1240 1133 1313 de
1149 1219 1386 1336 Aldonsa
1406 1233 1490 1308 ab
1506 1228 1795 1345 Margarida
1816 1233 2025 1347 donsella

347 1337 499 1433 filla
527 1337 580 1403 de
567 1316 703 1449 Joa
726 1316 958 1421 Alzina
975 1349 1132 1443 pages
1152 1346 1206 1404 de
1221 1340 1342 1438 llissa
1362 1338 1576 1400 Damunt
1553 1365 1631 1430 y
1639 1345 1688 1405 de
1705 1321 1883 1405 Eularia
1897 1323 2048 1443 defucts

356 1432 556 1555 Dijous
569 1464 615 1509 a
626 1443 722 1507 27
737 1427 904 1509 rebere
922 1450 977 1507 de
986 1429 1209 1512 Melcior
1208 1425 1382 1509 Duran
1381 1459 1521 1548 pages
1537 1434 1608 1516 de
1624 1427 1885 1521 Martorell
1901 1432 1973 1516 ha=

378 1538 537 1620 bitant
555 1563 625 1608 en
628 1538 897 1657 Splugues
867 1538 991 1641 fill
1014 1545 1079 1613 de
1082 1508 1209 1613 Pere
1212 1513 1410 1618 Duran
1411 1559 1568 1662 pages
1553 1568 1630 1643 y
1636 1550 1698 1618 de
1714 1529 2046 1650 Margarida

380 1637 618 1747 defuncts
640 1637 715 1710 ab
711 1635 887 1749 Luysa
903 1644 1098 1754 dosella
1092 1642 1242 1745 filla
1269 1649 1322 1712 de
1338 1628 1545 1721 Antoni
1517 1644 1675 1749 Joan
1693 1633 1956 1745 Mitjans
1929 1670 2010 1759 pa=

342 1750 480 1869 ges
484 1758 540 1828 de
560 1744 783 1867 Castellvi
804 1750 875 1821 de
891 1720 1119 1853 Rosanes
1097 1778 1166 1842 y
1177 1750 1235 1821 de
1262 1732 1424 1858 Luysa
1456 1739 1701 1855 defuncts

359 1857 447 1925 Dit
458 1864 530 1927 dia
553 1850 715 1925 rebere
723 1864 776 1923 de
770 1857 956 1971 jaume
981 1841 1211 1959 Ullestrell
1210 1868 1360 1973 pages
1369 1862 1422 1927 de
1447 1841 1518 1920 St
1496 1848 1660 1957 Julia
1678 1852 1729 1918 de
1735 1827 1916 1920 Altura
1903 1845 2020 1946 fill

378 1956 424 2022 de
442 1947 582 2047 Luys
581 1947 809 2061 Ullestrell
808 1963 956 2061 pages
945 1981 1012 2050 y
1021 1961 1072 2020 de
1087 1963 1249 2066 joana
1286 1956 1367 2024 ab
1369 1933 1563 2061 Angela
1572 1945 1774 2050 donsella
1771 1938 1911 2038 filla
1934 1949 1987 2012 de

373 2070 433 2133 t
529 2037 724 2163 Pedrosa
737 2072 894 2165 pages
915 2070 970 2130 de
986 2035 1074 2128 St
1042 2057 1187 2167 Just
1189 2054 1411 2159 Desvern
1415 2060 1624 2164 defunct
1596 2075 1667 2154 y
1678 2047 1743 2128 de
1769 2049 1840 2131 t

354 2139 611 2230 Divendres
621 2178 663 2223 a
685 2171 776 2230 28
777 2148 934 2220 rebere
957 2171 1017 2228 de
1028 2146 1202 2232 Antoni
1215 2125 1377 2251 Bosch
1373 2178 1518 2269 pages
1529 2166 1589 2232 de
1610 2125 1774 2230 Rubi
1766 2143 1880 2251 fill
1887 2150 1963 2218 de

366 2215 677 2322 Barthomeu
697 2210 856 2350 Bosch
855 2268 1003 2359 pages
995 2275 1060 2347 y
1066 2257 1135 2324 de
1142 2245 1455 2357 Montserrada
1477 2254 1554 2322 ab
1553 2245 1717 2329 Anna
1723 2252 1994 2366 Stephania

373 2340 568 2445 donsella
565 2344 700 2435 filla
716 2358 785 2415 de
801 2342 1001 2454 Guillem
1014 2319 1230 2426 Barcelo
1236 2370 1379 2461 pages
1392 2358 1509 2463 #
1496 2388 1563 2451 y
1574 2354 1637 2424 de
1664 2367 1717 2426 t
1740 2337 1996 2459 defuncts

383 2450 480 2523 tots
494 2448 561 2516 de
567 2437 665 2523 dita
669 2441 925 2572 parrochia

359 2538 554 2646 Dissapte
567 2571 608 2611 a
621 2559 705 2634 29
718 2538 871 2618 rebere
884 2557 942 2616 de
950 2522 1069 2618 Pau
1085 2531 1318 2608 Madrera
1305 2529 1554 2634 scudaller
1567 2536 1623 2599 de
1629 2506 1781 2632 Bara
1764 2531 1876 2613 fill
1882 2531 1958 2593 de

364 2642 504 2745 Joan
529 2633 750 2708 Madrera
756 2628 942 2706 hortola
919 2666 1003 2733 y
1009 2645 1069 2710 de
1092 2628 1355 2740 Marquesa
1378 2624 1462 2697 ab
1454 2610 1663 2729 Angela
1676 2631 1828 2699 viuda
1842 2631 1904 2694 de
1903 2628 1992 2724 Joa

380 2737 521 2824 Coyua
543 2735 762 2812 scudaller
777 2739 842 2805 de
858 2705 1032 2842 Bara

364 2818 601 2932 Diumenge
607 2855 646 2900 a
662 2829 731 2902 30
740 2815 901 2902 rebere
903 2836 956 2902 de
943 2831 1102 2923 Joan
1109 2795 1213 2884 Pau
1212 2785 1377 2904 Roses
1381 2811 1672 2914 passamaner
1678 2804 1727 2874 de
1740 2802 1864 2904 Olost
1877 2795 2017 2909 bisbat

373 2924 431 2988 de
427 2910 551 2994 Vich
560 2915 767 2994 habitant
770 2940 833 2990 en
846 2892 991 3011 Bara
986 2917 1093 3008 fill
1099 2919 1164 2978 de
1148 2905 1299 3009 Joan
1305 2892 1443 3002 Roses
1444 2910 1604 2999 mestre
1603 2906 1660 2967 de
1664 2901 1779 2990 cases
1775 2924 1831 2990 y
1837 2901 1937 2971 de

373 3007 542 3085 Maria
565 3014 767 3108 defuncts
784 3012 864 3085 ab
877 3005 1131 3119 Margarida
1144 3007 1322 3103 donsella
1321 3005 1450 3101 filla
1461 3005 1509 3071 de
1492 2998 1632 3096 Joan
1626 2987 1783 3082 ferrer
1804 2989 1968 3087 ferrer

376 3107 426 3168 de
434 3100 646 3177 Sabadell
657 3097 854 3207 defunct
851 3130 911 3195 y
945 3105 1003 3172 de
1019 3107 1074 3165 t
