2690 3794
373 309 581 402 Dissapte
587 332 624 370 a
634 327 716 389 24
734 306 872 373 rebere
882 316 929 368 de
952 299 1084 373 Vidal
1097 294 1192 368 Pas
1205 325 1382 370 carrater
1390 315 1443 370 de
1458 281 1596 391 Bara
1586 316 1711 373 viudo
1719 313 1794 373 ab
1798 302 2043 391 Hieronyma

398 404 584 487 donsella
585 397 723 482 filla
741 397 793 456 de
794 392 937 479 Juan
954 385 1095 452 Marti
1103 401 1237 484 pages
1257 395 1310 461 de
1333 397 1481 479 Agulla
1489 385 1580 456 dols
1591 399 1752 457 vivent
1753 421 1797 494 y
1796 401 1849 457 de
1852 385 2027 491 Angela

388 490 603 585 Diumenge
621 520 654 557 a
663 506 748 559 25
749 483 910 556 rebere
900 502 949 557 de
939 493 1192 589 francesch
1209 481 1436 589 Brugues
1439 484 1634 559 baxador
1649 495 1722 556 del
1728 481 1890 580 Regne
1897 488 1989 550 de

375 597 568 697 frança
587 584 793 655 habitant
812 609 872 655 en
882 588 1114 652 Sabadell
1128 586 1201 650 ab
1211 589 1459 653 Salvadora
1480 591 1675 680 donsella
1672 586 1813 673 filla
1830 586 1890 643 de
1897 563 2018 641 An=

400 695 495 767 tich
521 670 698 757 Rocha
716 707 849 799 pages
867 691 920 750 de
919 675 1003 750 St
997 679 1175 753 Llorens
1185 686 1353 752 çavall
1372 684 1560 771 defunct
1547 712 1617 776 y
1633 689 1691 757 de
1704 670 1971 787 Elisabeth

388 788 473 853 Dit
486 796 563 846 dia
573 779 710 848 rebere
725 789 778 851 de
786 770 962 850 Antoni
970 780 1089 846 Mir
1092 800 1233 892 pages
1248 789 1307 850 de
1313 766 1405 850 St
1410 773 1582 846 Menat
1579 780 1682 869 fill
1692 788 1749 848 de
1757 788 1975 883 jaume

409 875 511 943 Mir
517 887 654 983 pages
671 877 730 937 de
734 859 811 939 St
820 868 987 943 Menat
997 877 1195 957 defunct
1185 899 1251 955 y
1259 873 1316 934 de
1347 859 1628 962 Margarida
1651 865 1729 927 ab
1730 852 1932 930 Antonia
1942 842 2024 925 do=

375 973 525 1074 sella
524 968 664 1063 filla
680 970 741 1037 de
758 956 942 1032 Antoni
952 947 1152 1069 Bigues
1155 987 1292 1083 pages
1302 971 1355 1032 de
1358 959 1445 1030 dita
1444 957 1695 1065 parrochia
1696 985 1749 1062 y
1751 966 1808 1030 de
1794 964 2020 1062 jaumeta

393 1064 477 1133 Dit
476 1069 552 1128 dia
557 1064 692 1126 rebere
704 1078 752 1130 de
758 1074 881 1160 juan
883 1071 1071 1131 Salamo
1081 1074 1310 1165 negociant
1325 1059 1537 1126 habitant
1541 1083 1603 1126 en
1615 1043 1772 1144 Bara
1749 1061 1871 1146 fill
1879 1059 1964 1121 de

382 1152 638 1253 francesch
657 1157 847 1221 Salamo
853 1181 1055 1265 parayre
1072 1162 1125 1223 de
1139 1157 1199 1216 la
1211 1159 1318 1219 vila
1331 1162 1389 1221 de
1399 1150 1564 1221 Claria
1570 1139 1756 1261 Bisbat
1773 1159 1828 1221 de
1841 1132 1997 1219 Elna

389 1288 451 1352 y
459 1255 520 1324 de
529 1244 813 1352 Margarida
835 1250 1050 1338 defuncts
1074 1248 1159 1319 ab
1156 1234 1307 1319 Anna
1336 1248 1506 1321 Maria
1521 1256 1720 1350 donsella
1717 1244 1867 1336 filla
1886 1242 1970 1316 de

402 1343 575 1422 Antoni
589 1346 823 1417 Clariana
835 1348 1017 1413 corredor
1034 1351 1091 1417 de
1095 1353 1185 1413 coll
1194 1355 1253 1421 de
1255 1320 1436 1435 Bara
1413 1374 1479 1435 y
1485 1351 1540 1417 de
1549 1332 1720 1414 Anna

389 1442 570 1518 Dilluns
587 1470 620 1504 a
635 1447 723 1510 26
725 1432 863 1503 rebere
880 1442 931 1506 de
936 1439 1071 1533 Juan
1083 1420 1256 1510 Rocha
1277 1439 1510 1503 treballador
1525 1437 1599 1499 del
1608 1451 1738 1518 regne
1753 1435 1808 1496 de
1807 1418 1997 1517 frança

400 1540 604 1606 habitant
627 1558 683 1599 en
700 1533 904 1630 Castellar
921 1533 1000 1608 ab
975 1535 1156 1632 Juana
1169 1532 1364 1630 donsella
1358 1532 1493 1627 filla
1510 1538 1569 1595 de
1579 1511 1697 1590 Pau
1710 1503 1887 1587 Romeu
1889 1528 2036 1618 pages

405 1643 462 1709 de
476 1629 689 1734 Castellar
709 1629 908 1718 defunct
885 1654 958 1718 y
977 1628 1035 1693 de
1049 1600 1292 1692 Eularia

388 1726 468 1804 Dit
474 1731 545 1790 dia
549 1720 703 1792 rebere
700 1729 748 1792 de
747 1726 895 1820 Juan
896 1719 1071 1794 Subira
1077 1742 1244 1832 pages
1252 1731 1310 1794 de
1311 1698 1445 1786 Pons
1460 1719 1517 1783 de
1536 1712 1677 1776 Suert
1685 1706 1826 1811 bisbat
1836 1708 1892 1774 de
1904 1694 2072 1797 Lleyda

411 1815 626 1888 habitant
641 1836 703 1881 en
725 1813 884 1912 Taya
878 1820 994 1911 fill
1000 1820 1059 1883 de
1054 1824 1199 1912 Juan
1209 1808 1386 1879 Subira
1388 1824 1528 1923 pages
1514 1840 1585 1905 y
1593 1812 1657 1874 de
1665 1801 1984 1909 Margarida

407 1908 624 2007 defuncts
634 1908 705 1975 ab
718 1908 1000 2019 Magdalena
1013 1910 1215 2011 donsella
1209 1906 1359 2007 filla
1367 1915 1420 1974 de
1435 1911 1610 2019 jaume
1627 1894 1785 2014 Garau
1780 1892 1957 2011 pages
1945 1896 2011 1958 de

404 2024 586 2086 torrent
607 1996 669 2080 bo
670 2013 906 2128 parrochia
923 2016 982 2082 de
988 2006 1078 2086 St
1088 2001 1244 2080 Marti
1257 2015 1321 2077 de
1335 1985 1535 2094 Arenys
1552 1996 1727 2089 defunct
1730 2018 1774 2096 y
1775 1992 1835 2058 de
1834 1953 2088 2080 Hieronya

395 2106 579 2177 Dimars
594 2134 633 2173 a
653 2125 732 2177 27
749 2104 908 2171 rebere
921 2115 967 2175 de
959 2109 1104 2207 Juan
1126 2104 1301 2175 Molins
1282 2111 1452 2200 sastre
1475 2107 1526 2166 de
1534 2092 1623 2175 St
1622 2073 1747 2191 Boy
1751 2097 1806 2166 de
1823 2085 2022 2184 llobregat

397 2207 547 2271 viudo
571 2197 644 2271 ab
628 2209 820 2298 Juana
824 2202 1014 2298 donsella
1020 2202 1154 2289 filla
1174 2204 1230 2270 de
1250 2184 1370 2266 Pere
1385 2202 1540 2268 Corties
1541 2209 1670 2296 pages
1690 2202 1741 2259 de
1730 2190 1912 2294 frança
1906 2204 1973 2277 y

405 2307 453 2369 de
454 2305 638 2398 Juana
657 2293 888 2385 defuncts
