2690 3794
416 291 642 409 Dissapte
652 329 689 371 a
693 310 790 376 28
803 283 958 373 rebere
965 302 1026 376 de
1020 302 1169 400 Juan
1187 283 1404 365 Marrull
1395 297 1605 390 sabater
1609 291 1673 357 de
1678 272 1755 357 St
1757 281 1898 352 Celoni
1886 275 1999 387 fill

441 410 505 474 de
501 383 626 474 Pere
647 391 873 468 Marrull
869 410 1004 509 pages
1009 413 1051 495 y
1047 399 1103 460 de
1116 386 1383 492 Margarida
1395 383 1616 482 defuncta
1631 383 1703 449 ab
1705 380 1986 449 Catherina

433 497 631 598 donsella
649 483 779 579 filla
789 497 851 560 de
872 491 1004 557 Steva
1011 489 1223 584 fradera
1209 513 1281 579 y
1294 475 1498 579 Maynou
1502 486 1643 592 pages
1645 494 1690 582 y
1686 481 1742 549 de
1743 470 1903 544 Eleonor
1911 427 2093 565 defucts

436 589 508 652 Dit
515 589 601 647 dia
617 564 752 647 rebere
751 581 815 641 de
830 548 1012 641 Bernat
1025 570 1199 636 Devant
1212 589 1341 671 pages
1362 570 1437 638 del
1445 583 1563 665 regne
1576 567 1632 636 de
1612 564 1799 665 frança
1809 551 2019 633 habitant

436 692 505 738 en
501 670 557 733 lo
564 646 683 733 Prat
715 651 782 730 ab
789 656 955 730 Maria
962 659 1103 725 viuda
1105 659 1169 725 de
1176 640 1451 722 Barthomeu
1467 637 1605 744 Pages
1612 678 1725 722 mori
1730 670 1791 722 en
1804 629 1967 733 Bara

430 762 511 836 Dit
515 767 582 830 dia
589 753 738 828 rebere
740 762 801 819 de
797 745 966 857 Joseph
962 732 1133 852 Papiol
1129 748 1377 844 matalafer
1382 745 1457 814 de
1453 724 1596 833 Bara
1598 745 1693 833 fill
1700 745 1758 814 de
1768 729 2024 822 Hieronym

422 843 584 957 Papiol
586 846 840 944 matalafer
836 867 881 944 y
877 846 930 911 de
943 835 1196 927 Maryanna
1209 829 1415 927 defuncts
1439 827 1509 898 ab
1530 816 1783 906 Maryanna
1785 813 1994 911 donsella

425 948 538 1038 filla
548 951 601 1014 de
617 940 790 1047 Gaspar
792 910 985 1036 Rostoll
995 929 1182 1028 algutsir
1181 924 1478 992 extraordinari
1488 913 1665 1014 defunct
1653 929 1723 995 y
1713 910 1786 976 de
1801 897 1967 973 Anna

427 1043 508 1114 Dit
518 1048 598 1111 dia
606 1032 760 1106 rebere
776 1043 828 1106 de
833 1005 952 1100 Pere
967 1016 1188 1100 Planella
1201 1016 1476 1114 matalafer
1480 1021 1542 1087 de
1562 989 1725 1095 Bara
1711 1010 1808 1106 fill
1812 1005 1871 1079 de
1878 989 2068 1076 Antoni

444 1110 650 1206 Planella
663 1148 801 1235 pages
822 1116 1018 1220 defunct
1009 1148 1073 1206 y
1085 1113 1141 1184 de
1154 1097 1380 1206 Elisabeth
1398 1113 1473 1174 ab
1456 1102 1646 1203 Juana
1653 1099 1851 1203 donsella
1850 1097 2021 1201 filla

441 1237 497 1295 de
490 1210 618 1317 Jua
630 1226 894 1311 Sarinyana
907 1213 1097 1314 calsater
1107 1219 1169 1287 de
1184 1186 1336 1303 Bara
1338 1219 1404 1317 y
1409 1216 1465 1279 de
1480 1178 1668 1276 Elienor
1667 1200 1887 1306 defuncts

427 1305 626 1411 Diumege
636 1337 681 1382 a
693 1324 768 1395 29
784 1299 925 1376 rebere
940 1316 990 1379 de
1011 1286 1221 1376 Bertran
1222 1297 1418 1398 faubell
1420 1302 1566 1389 mestre
1584 1297 1635 1363 de
1645 1302 1764 1384 cases
1774 1297 1843 1360 del
1850 1299 1997 1389 regne

432 1414 503 1484 de
500 1393 676 1497 frança
699 1388 899 1474 habitant
908 1403 982 1467 en
987 1364 1141 1471 Bara
1146 1382 1224 1451 ab
1231 1381 1399 1452 Cecilia
1409 1378 1618 1473 donsella
1627 1367 1767 1476 filla
1779 1378 1842 1444 de
1824 1338 2038 1474 franch

436 1494 626 1568 Redondo
630 1510 755 1598 pages
742 1524 801 1581 y
822 1500 873 1557 de
891 1481 1075 1552 Maria

422 1591 502 1660 Dit
510 1591 587 1655 dia
600 1578 749 1652 rebere
762 1599 834 1684 per
841 1591 974 1644 mans
984 1567 1051 1641 del
1061 1543 1141 1638 Sr
1129 1546 1289 1660 canoge
1305 1537 1470 1619 Amell
1475 1537 1627 1617 Vicari
1609 1546 1829 1644 general
1842 1524 2013 1608 #

405 1705 483 1776 y
487 1689 538 1752 de
556 1651 768 1746 Bertran
778 1659 911 1735 Sola
926 1662 1117 1735 baxador
1129 1654 1202 1725 ab
1212 1643 1391 1728 Eleonor
1403 1635 1605 1741 Vinyals
1606 1643 1783 1714 viuda

427 1764 593 1833 Dilluns
592 1786 637 1827 a
636 1767 711 1827 30
721 1748 873 1822 rebere
874 1764 925 1825 de
935 1756 1158 1849 francesch
1173 1751 1358 1841 Vinyals
1365 1737 1528 1811 hortola
1541 1743 1588 1806 de
1604 1740 1797 1806 Cardedeu
1798 1727 2010 1800 habitant

427 1878 483 1920 en
498 1829 645 1933 Bara
636 1843 741 1938 fill
748 1848 807 1911 de
806 1826 925 1917 Pere
940 1837 1130 1927 Vinyals
1129 1854 1267 1949 pages
1283 1835 1443 1930 defunct
1456 1845 1500 1933 y
1499 1821 1561 1895 de
1573 1802 1799 1922 Elisabeth
1812 1810 1884 1879 ab
1886 1810 2016 1882 Mar=

430 1940 563 2052 quesa
564 1932 763 2036 donsella
762 1926 897 2028 filla
904 1934 968 2003 de
976 1913 1086 1995 Pere
1105 1929 1355 2033 Campmajor
1357 1932 1563 2028 parayre
1571 1910 1621 1982 de
1631 1910 1843 1971 Cardedeu
1837 1924 1890 2009 y
1886 1910 1980 1968 de

436 2021 623 2108 Beneta
644 2021 853 2130 defuncts

422 2129 499 2184 Dit
501 2126 573 2187 dia
581 2107 730 2179 rebere
742 2118 798 2173 de
808 2094 990 2201 Galcera
1011 2078 1122 2198 Puig
1129 2094 1366 2184 flassader
1373 2092 1426 2154 de
1439 2075 1668 2171 Granollers
1678 2081 1799 2138 viudo
1815 2075 1879 2141 ab
1886 2048 2024 2138 Patro=

436 2200 543 2276 nilla
559 2200 711 2298 dosella
718 2197 842 2295 filla
847 2200 908 2262 de
926 2191 1070 2262 Steva
1077 2164 1226 2257 Palau
1225 2200 1361 2298 pages
1368 2189 1424 2252 de
1423 2172 1646 2241 Vilanova
1658 2175 1712 2241 de
1713 2159 1766 2236 la
1779 2148 1983 2230 Rocha

405 2335 472 2401 y
479 2305 535 2379 de
567 2294 804 2401 Eufrahina
817 2280 1051 2392 defuncts

400 2397 494 2471 Dit
498 2394 576 2463 dia
597 2375 749 2468 rebere
759 2394 807 2463 de
808 2375 1059 2484 francesch
1066 2351 1232 2449 Palau
1239 2383 1383 2490 pages
1392 2372 1448 2435 de
1461 2354 1679 2435 Vilanova
1683 2367 1753 2435 de
1749 2362 1816 2435 la
1834 2345 2005 2428 Rocha

397 2486 522 2606 fill
526 2494 576 2549 de
570 2472 686 2587 Jua
699 2451 848 2549 Palau
855 2486 998 2592 pages
1006 2475 1191 2576 defunct
1192 2491 1254 2576 y
1250 2472 1306 2541 de
1302 2470 1536 2574 francisca
1571 2448 1640 2530 ab
1645 2445 1903 2557 Margarida
1922 2448 2082 2552 dosella

422 2581 541 2682 filla
553 2583 615 2654 de
617 2578 840 2679 francesch
855 2551 993 2641 Pedro
995 2591 1130 2684 pages
1143 2578 1199 2641 de
1209 2540 1481 2671 Plegamans
1505 2562 1681 2671 defunct
1680 2589 1736 2660 y
1732 2570 1788 2627 de
1793 2570 1986 2673 juana
