2690 3794
367 274 559 359 Dilluns
572 316 608 350 a
626 301 704 373 29
712 281 860 359 rebere
879 299 927 355 de
924 294 1057 388 Juan
1080 279 1274 388 Batista
1273 294 1539 390 garbellador
1556 299 1616 366 de
1627 279 1786 392 Bara
1774 299 1889 373 fill
1899 294 1991 361 de

390 372 488 472 Jua
508 358 708 470 Batista
725 378 890 447 Darder
892 376 1156 479 garbellador
1159 407 1216 465 y
1230 387 1289 448 de
1312 376 1578 468 Maryanna
1598 385 1784 459 defuncts
1796 376 1871 439 ab
1877 371 2051 436 Maria

403 475 597 575 donsella
592 469 719 554 filla
735 478 790 540 de
806 469 991 567 Guillem
1007 467 1162 540 Munt
1179 476 1372 567 traginer
1380 478 1441 534 de
1446 469 1640 545 Mataro
1656 495 1696 565 y
1704 476 1762 532 de
1772 462 2017 562 Speransa

375 561 473 637 dit
480 574 556 633 dia
560 561 706 635 rebere
718 579 775 638 de
784 548 951 638 Benet
969 566 1126 671 Gorgui
1131 585 1252 662 pages
1269 574 1327 635 de
1337 564 1460 629 Corro
1472 570 1608 633 devall
1611 572 1737 629 viudo
1757 574 1820 629 ab
1824 561 2064 629 Catherina

399 659 554 728 viuda
574 663 636 724 de
650 645 826 728 Antoni
842 641 1013 734 Rocha
1027 672 1240 730 tavarner
1245 663 1304 724 de
1314 652 1458 728 LLoret
1472 656 1621 763 bisbat
1639 659 1700 724 de
1712 654 1893 748 Girona

391 760 467 827 dit
474 760 552 823 dia
558 755 695 827 rebere
712 764 768 832 de
780 756 998 852 Hyacinto
1012 745 1231 832 Rexach
1245 771 1447 825 mariner
1461 766 1516 825 de
1538 747 1720 823 Mataro
1708 756 1822 845 fill
1828 766 1884 823 de
1888 738 2011 825 Pere

382 836 496 929 Pau
519 831 741 918 Rexach
752 869 948 922 mariner
964 855 1141 946 defunct
1145 880 1203 944 y
1217 860 1272 922 de
1289 841 1470 928 Eularia
1500 853 1574 920 ab
1583 853 1745 927 Maria
1759 860 1992 957 donsella

386 946 520 1037 filla
549 952 604 1018 de
628 945 788 1020 Llorens
806 930 957 1022 #
932 956 1105 1064 Janer
1104 961 1270 1048 sastre
1286 952 1347 1018 de
1371 937 1553 1015 Mataro
1552 979 1614 1044 y
1622 965 1676 1026 de
1669 948 1856 1053 Joana

384 1043 481 1119 Dit
495 1052 569 1116 dia
585 1041 734 1116 rebere
750 1050 805 1121 de
800 1049 940 1150 Juan
956 1041 1208 1148 Guinovart
1215 1072 1341 1156 pages
1354 1056 1426 1114 del
1440 1025 1604 1119 Pedros
1616 1056 1666 1119 de
1682 1041 1888 1119 Vilabella
1907 1032 2006 1117 Ar=

401 1138 599 1231 chebisbat
609 1146 666 1209 de
671 1147 931 1238 Tarragona
945 1138 1077 1205 viudo
1097 1137 1177 1203 ab
1172 1135 1360 1245 Angela
1369 1149 1514 1207 viuda
1524 1149 1584 1210 de
1584 1137 1726 1207 Vicens
1729 1124 1869 1207 Rull
1866 1162 2054 1247 parayre

405 1246 460 1311 de
474 1220 726 1339 Puigtinyos

397 1339 473 1410 dit
483 1334 565 1400 dia
577 1323 721 1397 rebere
727 1332 787 1399 de
795 1296 908 1388 Pere
926 1294 1145 1417 Pellisser
1155 1312 1338 1386 sabater
1348 1303 1546 1380 habitant
1549 1332 1617 1384 en
1626 1272 1803 1404 Bara
1776 1314 1900 1410 fill
1905 1318 1985 1384 de

390 1407 520 1498 Pere
532 1399 745 1521 Pellisser
754 1431 901 1516 sastre
924 1418 982 1490 de
1016 1409 1186 1499 nacijs
1215 1421 1289 1467 en
1292 1390 1480 1463 Pallas
1492 1390 1677 1470 bisbat
1693 1405 1743 1465 de
1744 1385 1870 1482 Leyda
1866 1400 1996 1480 defuct

380 1551 443 1620 y
455 1531 513 1592 de
538 1513 801 1609 Hieronyma
834 1517 910 1581 ab
904 1515 1086 1605 Juana
1091 1513 1285 1609 donsella
1282 1509 1417 1600 filla
1429 1515 1486 1576 de
1479 1506 1634 1611 Juan
1659 1498 1876 1574 Montalt
1887 1495 2006 1574 bas=

399 1623 501 1682 taix
512 1617 565 1682 de
581 1619 710 1684 corda
727 1617 790 1682 de
810 1586 978 1715 Bara
952 1637 1015 1697 y
1033 1617 1083 1682 de
1080 1606 1261 1709 Juana

395 1712 467 1790 dit
487 1708 576 1779 dia
586 1701 738 1781 rebere
744 1721 794 1781 de
776 1712 925 1816 Juan
933 1685 1100 1806 Payas
1102 1730 1246 1823 pages
1264 1692 1475 1772 habitant
1485 1725 1550 1772 en
1554 1694 1797 1810 Granollers
1798 1696 1959 1770 viudo

399 1807 473 1876 ab
457 1807 631 1910 Juana
656 1802 845 1909 donsella
834 1804 983 1903 filla
1003 1809 1060 1883 de
1070 1809 1229 1912 jaume
1258 1793 1477 1869 Monllor
1476 1813 1623 1912 pages
1624 1796 1688 1867 de
1689 1791 1959 1898 Terrassa

378 1935 441 1995 y
451 1904 511 1967 de
508 1880 685 1967 Paula
707 1897 914 1987 defuncts

399 1990 582 2059 Dimecres
598 2016 635 2055 a
649 1999 713 2059 31
733 1983 873 2050 rebere
887 1992 938 2053 de
967 1972 1154 2075 Miquel
1170 1961 1345 2079 Galcera
1352 1992 1501 2080 pages
1511 1979 1567 2040 de
1577 1955 1745 2062 Aulesa
1753 1975 1805 2033 de
1815 1963 2013 2055 Montse=

395 2099 477 2146 rat
476 2078 591 2163 fill
596 2083 642 2139 de
656 2059 837 2139 Antich
855 2063 1034 2174 Galcera
1041 2085 1190 2181 pages
1198 2094 1252 2177 y
1268 2069 1332 2139 de
1356 2061 1612 2161 Margarida
1629 2063 1840 2148 defuncts
1873 2052 1974 2124 ab

401 2167 704 2278 Margarida
720 2169 912 2272 donsella
902 2173 1051 2272 filla
1065 2167 1122 2240 de
1155 2160 1426 2261 Montserrat
1446 2153 1687 2254 Aymerich
1686 2176 1888 2274 parayre
1903 2171 1966 2254 y

418 2279 469 2344 de
525 2275 582 2344 t
655 2271 877 2362 defuncta
888 2272 1004 2340 tots
998 2267 1072 2335 de
1083 2262 1175 2340 dita
1167 2254 1420 2375 parrochia
