2690 3794
364 218 637 353 Divendres
644 272 716 351 al
723 269 807 389 pr
808 283 960 364 rebere
965 307 1026 370 de
1042 285 1223 370 Antoni
1225 264 1350 367 Pera
1368 283 1484 370 boter
1491 290 1547 367 de
1565 274 1835 362 Llavaneres
1850 266 2024 359 habitat

411 398 478 453 en
493 361 697 445 Mataro
693 374 798 475 fill
806 385 870 448 de
885 369 1029 448 Salvi
1031 357 1161 449 Pera
1170 375 1294 454 boter
1298 372 1482 468 defunct
1477 394 1538 471 y
1546 380 1598 450 de
1614 377 1776 444 Candia
1809 372 1880 454 ab
1892 363 2040 449 Mar=

392 476 582 582 garida
600 474 807 575 donsella
808 468 930 569 filla
951 476 1004 550 de
1003 447 1136 545 Pere
1157 460 1330 545 Tarau
1343 479 1542 575 traginer
1549 484 1605 548 de
1620 455 1808 539 Mataro
1798 482 1863 564 y
1864 468 1964 545 de

424 567 718 677 Margarida

397 670 494 749 Dit
496 670 573 741 dia
589 646 749 728 rebere
742 651 807 730 de
811 619 938 725 Pere
959 635 1199 720 Samunta
1198 662 1344 749 pages
1340 649 1402 712 de
1406 616 1489 717 St
1477 641 1640 741 Quirse
1634 641 1750 741 fill
1749 633 1813 707 de
1812 608 1975 707 Pere

433 759 678 833 Samunta
685 767 834 862 pages
811 767 875 847 y
874 754 936 828 de
921 748 1128 847 Juana
1148 740 1215 817 ab
1217 740 1402 814 Eularia
1409 743 1563 809 viuda
1573 743 1638 814 de
1628 733 1778 833 Juan
1790 714 2033 833 Andusillo

419 870 576 970 pages
578 872 634 935 de
641 851 873 957 Terrassa

405 964 494 1040 Dit
493 969 579 1035 dia
583 951 741 1038 rebere
748 969 809 1032 de
811 942 1010 1054 frances
1009 926 1078 1027 #
1091 913 1256 1016 Pares
1275 929 1421 1011 corder
1425 934 1489 997 de
1502 905 1646 1016 Bara
1631 913 1755 1016 fill
1765 924 1829 995 de
1828 872 2030 1008 franch

422 1047 560 1143 Pares
578 1064 727 1135 corder
721 1083 779 1156 y
781 1056 845 1129 de
853 1039 1110 1127 Marianna
1135 1031 1204 1113 ab
1214 1026 1437 1140 Elisabeth
1442 1029 1648 1138 donsella
1650 1023 1780 1119 filla
1787 1029 1843 1094 de
1859 1005 2005 1124 Giralt

427 1152 623 1226 Cabaner
611 1161 779 1253 sastre
784 1161 845 1224 de
863 1128 1012 1245 Bara
987 1166 1053 1248 y
1055 1155 1119 1218 de
1132 1120 1319 1218 Paula
1321 1126 1547 1226 defuncts

409 1256 488 1330 Dit
497 1255 573 1326 dia
593 1245 754 1328 rebere
755 1255 810 1318 de
819 1249 973 1354 jaume
1001 1236 1155 1355 Llopis
1169 1263 1306 1359 pages
1317 1240 1529 1318 habitant
1546 1252 1603 1306 en
1620 1207 1698 1303 St
1689 1193 1807 1320 Boy
1814 1227 1946 1295 viudo
1966 1209 2049 1295 ab

430 1344 627 1431 Eularia
638 1354 835 1458 donsella
848 1347 971 1443 filla
990 1354 1046 1421 de
1059 1342 1246 1453 Miquel
1263 1344 1392 1440 Cases
1399 1354 1532 1450 pages
1551 1338 1599 1409 de
1618 1336 1776 1436 Castell
1779 1331 1928 1436 bisbal
1933 1328 2008 1394 de=

413 1460 558 1561 funct
553 1486 610 1552 y
623 1461 674 1531 de
686 1434 873 1558 Angela

410 1557 491 1632 Dit
503 1565 571 1630 dia
588 1547 736 1626 rebere
751 1552 801 1622 de
794 1532 974 1655 Joseph
984 1526 1120 1614 Vives
1129 1540 1357 1629 negociant
1375 1521 1439 1589 de
1445 1508 1669 1621 Manresa
1676 1514 1783 1606 fill
1787 1515 1842 1583 de
1859 1500 2038 1583 March

424 1651 559 1746 Vives
581 1651 760 1761 botiguer
779 1653 834 1720 de
847 1647 963 1717 telas
956 1667 1014 1739 y
1028 1647 1079 1713 de
1092 1625 1249 1745 Agnes
1262 1629 1480 1717 defuncta
1506 1621 1578 1690 ab
1581 1599 1840 1725 Apollonia
1855 1609 2026 1710 dosella

410 1763 536 1861 filla
554 1761 606 1828 de
630 1745 824 1853 Miquel
837 1735 1047 1849 Llargues
1056 1733 1350 1849 passamaner
1361 1728 1420 1795 de
1429 1698 1587 1816 Bara
1572 1749 1621 1811 y
1632 1727 1683 1795 de
1705 1708 1984 1809 Maryanna

428 1858 646 1951 defuncta

410 1945 495 2021 Dit
508 1950 590 2021 dia
603 1936 747 2016 rebere
770 1943 820 2008 de
825 1910 1088 2021 francesch
1095 1879 1262 1990 Riera
1276 1905 1488 1979 mercader
1506 1903 1564 1973 de
1569 1866 1724 2002 Bara
1727 1890 1935 1969 habitant
1943 1917 2005 1968 en

410 2035 634 2143 Tarrega
650 2031 753 2137 fill
770 2035 827 2096 de
841 2000 1019 2140 Raphel
1042 1987 1198 2085 Riera
1207 2011 1355 2085 notari
1367 2015 1421 2079 de
1426 2000 1630 2108 Tarrega
1614 2030 1682 2102 y
1688 2005 1742 2075 de
1762 1994 1921 2069 Cecilia
1930 1991 2007 2063 de=

416 2144 575 2246 functa
609 2136 681 2209 ab
666 2129 826 2239 Isabel
830 2132 994 2231 Juana
1013 2117 1197 2225 donsella
1203 2107 1325 2213 filla
1340 2117 1394 2184 de
1407 2093 1663 2210 Archangel
1681 2097 1860 2193 Queralt
1871 2100 2004 2163 doctor

425 2264 480 2313 en
508 2227 721 2310 Medicina
742 2238 802 2301 de
812 2201 980 2317 Bara
993 2217 1180 2320 defunct
1176 2239 1235 2306 y
1245 2219 1304 2284 de
1321 2210 1378 2276 la
1392 2198 1504 2288 Sra
1508 2197 1795 2308 Margarida

407 2332 605 2442 Dissapte
616 2359 671 2402 a
673 2342 742 2399 2
753 2313 904 2401 rebere
918 2328 973 2401 de
1003 2315 1164 2428 Giralt
1189 2288 1468 2423 Blanquart
1467 2307 1680 2411 flaquer
1691 2301 1766 2377 del
1771 2323 1897 2406 regne
1914 2307 1976 2376 de

405 2438 598 2531 frança
625 2424 837 2498 habitant
847 2438 919 2500 en
920 2392 1085 2518 Bara
1090 2414 1165 2481 ab
1164 2397 1320 2483 Anna
1331 2414 1479 2485 viuda
1503 2407 1563 2477 de
1574 2373 1735 2499 Blasi
1738 2392 1906 2476 Dimas
1902 2392 2031 2522 pas=

425 2543 562 2641 tisser
581 2538 648 2610 de
662 2496 830 2626 Bara

414 2643 495 2708 Dit
511 2635 593 2705 dia
615 2620 788 2699 rebere
796 2627 851 2690 de
873 2609 1051 2714 Onofre
1058 2586 1249 2698 Vinyals
1264 2601 1414 2711 pages
1422 2603 1475 2667 de
1502 2586 1679 2664 Sarria
1673 2587 1789 2693 fill
1799 2593 1854 2662 de
1870 2585 2031 2696 Onofre

419 2722 618 2819 Vinyals
634 2733 780 2839 pages
773 2745 836 2812 y
852 2721 909 2787 de
922 2691 1155 2816 Elisabeth
1172 2696 1387 2809 defuncts
1397 2696 1464 2767 ab
1479 2677 1678 2799 Magina
1690 2685 1840 2757 viuda
1859 2686 1927 2754 de
1910 2634 2105 2793 franch

422 2800 605 2888 Ricart
630 2835 727 2921 jove
728 2818 891 2923 sastre
920 2818 983 2883 de
999 2778 1151 2901 Bara

407 2917 492 2992 Dit
503 2917 596 2990 dia
616 2909 765 2994 rebere
781 2922 829 2985 de
835 2908 973 3012 Juan
1006 2896 1187 3010 Graner
1190 2907 1339 3006 pages
1351 2889 1422 2961 del
1447 2905 1571 2991 regne
1587 2887 1645 2958 de
1635 2875 1819 2992 frança
1838 2859 2025 2956 habitat

420 3044 475 3090 en
498 3002 679 3082 Mollet
701 3011 762 3081 ab
780 2987 948 3104 Antiga
958 2996 1102 3069 viuda
1126 2999 1180 3068 de
1177 2990 1339 3100 Juan
1357 2989 1540 3063 Salamo
1545 3002 1692 3107 pages
1707 2999 1762 3065 de
1784 2987 1980 3060 Mollet

410 3114 487 3190 Dit
503 3113 580 3183 dia
598 3101 749 3183 rebere
762 3111 821 3178 de
846 3089 1010 3219 Gabriel
1024 3094 1175 3205 Onofre
1199 3072 1407 3192 Rossell
1417 3099 1548 3194 sastre
1572 3094 1637 3165 de
1640 3062 1801 3188 Bara
1799 3092 1970 3157 viudo

426 3200 493 3271 ab
521 3186 716 3272 Monica
736 3194 927 3288 donsella
926 3194 1054 3299 filla
1089 3197 1149 3265 de
1161 3164 1329 3263 Benet
1344 3158 1516 3290 Balsa
1526 3196 1722 3301 parayre
1739 3189 1804 3255 de
1815 3167 1991 3298 Grano=

425 3295 543 3365 llers
530 3325 598 3398 y
616 3296 672 3366 de
703 3270 1001 3389 Hieronyma
1033 3276 1273 3388 defuncts
