2690 3794
402 275 596 345 Dimecres
610 302 650 341 a
664 284 731 345 30
749 263 886 341 rebere
898 278 942 345 de
945 271 1079 376 Juan
1098 261 1249 370 Roger
1241 276 1464 378 flassader
1480 284 1534 345 de
1552 250 1694 366 Bara
1681 273 1777 372 fill
1788 290 1841 349 de
1834 228 2019 370 franch

419 350 571 468 Roger
574 373 810 466 flassader
806 386 853 455 y
862 375 921 439 de
933 365 1199 468 Margarida
1218 371 1416 455 defuncta
1443 367 1512 435 ab
1521 373 1715 443 #
1519 323 1756 397 Patronilla
1722 355 1945 464 donsella

405 467 546 566 filla
568 475 617 530 de
647 450 822 543 Bernat
823 442 990 532 Pedret
989 475 1182 537 sabater
1187 473 1251 535 de
1262 434 1416 570 Bara
1389 484 1460 560 y
1465 461 1530 539 de
1544 442 1698 534 Anna
1708 446 1955 541 defuncta

429 555 492 620 dit
507 565 584 623 dia
600 548 744 618 rebere
755 566 809 623 de
830 540 1010 629 Bernat
1023 543 1168 624 Ribot
1176 569 1309 665 pages
1322 565 1374 624 de
1392 545 1478 625 St
1472 554 1611 664 Genis
1625 565 1674 627 de
1700 547 1850 622 Horta
1852 540 1957 644 fill

415 660 473 720 de
482 632 602 720 Pere
627 639 781 719 Ribot
787 653 929 751 pages
926 682 982 741 y
1008 655 1065 714 de
1079 630 1250 714 Elienor
1268 654 1334 718 ab
1339 644 1518 744 Angela
1540 649 1723 740 donsella
1724 643 1855 740 filla
1873 641 1938 707 de

414 734 596 819 Antoni
622 744 757 825 Mari
766 765 908 869 #
923 754 1101 822 sabater
1120 755 1173 817 de
1184 734 1265 816 St
1245 748 1403 845 Juan
1409 745 1472 821 de
1477 736 1653 816 Horta
1639 766 1719 834 y
1719 744 1781 807 de
1791 734 1991 836 Sperasa

425 850 491 909 dit
508 849 581 912 dia
596 838 735 908 rebere
758 859 803 909 de
811 845 952 936 Juan
968 821 1166 909 Beuças
1184 864 1307 949 pages
1323 849 1375 907 de
1371 843 1546 930 fransa
1559 829 1767 898 habitant
1780 854 1848 899 en
1868 829 2001 897 Ma=

416 955 527 1007 taro
544 938 626 1007 ab
640 920 805 1009 Paula
816 948 1009 1047 donsella
1017 926 1159 1033 filla
1186 946 1239 1006 de
1254 913 1463 1001 Bertran
1486 939 1607 1033 Cases
1622 938 1754 1038 pages
1769 922 1822 990 de
1839 927 1951 987 dita

411 1034 519 1103 vila
527 1063 578 1124 y
594 1039 647 1106 de
667 1026 856 1107 Eularia
877 1044 1090 1135 defuncts

402 1127 559 1242 Dijous
578 1163 620 1207 a
642 1143 712 1212 31
730 1128 880 1207 rebere
898 1139 948 1203 de
971 1105 1081 1201 Pau
1100 1116 1316 1201 Taulada
1334 1123 1541 1232 blanquer
1547 1137 1606 1198 de
1612 1096 1776 1215 Bara
1765 1123 1899 1191 viudo
1907 1117 1984 1188 ab

412 1229 597 1341 Angela
612 1239 802 1336 donsella
811 1228 941 1337 filla
960 1240 1016 1298 de
1010 1215 1128 1335 Jua
1141 1227 1365 1320 Canyadell
1365 1239 1498 1325 pages
1508 1241 1570 1296 de
1575 1219 1731 1293 Molin
1734 1228 1787 1289 de
1790 1239 1862 1311 rey
1856 1240 1913 1303 y
1917 1212 1980 1280 de

425 1336 604 1410 Violant
