2690 3794
365 234 589 315 Divendres
603 272 636 304 a
642 266 694 329 19
715 234 843 306 rebere
853 249 901 312 de
898 254 1135 343 francesch
1158 254 1355 322 Servanti
1368 286 1533 349 manya
1548 268 1603 328 de
1617 249 1773 345 Bara
1756 261 1859 350 fill
1873 259 1958 329 de

401 319 516 403 Pere
534 335 735 396 Servanti
743 357 901 423 manya
920 342 969 402 de
979 325 1135 417 Bara
1129 363 1182 425 y
1195 348 1247 407 de
1264 335 1497 411 Catherina
1518 346 1727 430 defuncts
1736 351 1809 416 ab
1797 353 1969 446 Juana

408 430 606 518 donsella
603 424 735 516 filla
754 430 804 494 de
812 413 984 494 Arnau
1004 432 1148 494 Sever
1147 427 1350 527 flaquer
1363 441 1418 502 de
1422 415 1576 516 Bara
1555 462 1618 527 y
1627 446 1683 513 de
1687 434 1866 536 Angela

398 526 480 598 Dit
486 524 566 582 dia
576 524 724 587 rebere
733 528 780 589 de
795 510 919 610 Luys
934 507 1106 586 Romeu
1127 512 1288 586 hortola
1305 531 1358 587 de
1363 508 1501 621 Bara
1491 526 1598 617 fill
1611 531 1668 596 de
1678 530 1843 603 Antoni
1855 505 1989 596 Ro=

417 641 512 681 meu
525 607 694 677 hortola
705 618 760 675 de
777 591 939 707 Bara
932 636 984 721 y
992 620 1047 677 de
1066 599 1241 674 Maria
1266 613 1342 681 ab
1341 611 1519 725 Antiga
1530 623 1720 709 donsella
1710 623 1848 715 filla
1874 618 1951 688 de

406 698 593 789 Antich
603 717 739 806 janer
736 701 888 812 pages
904 719 960 778 de
967 696 1079 771 Sta
1059 706 1231 803 Coloma
1251 717 1313 783 de
1327 704 1578 833 Gramanet
1586 736 1639 826 y
1644 710 1704 778 de
1696 715 1864 817 juana

408 811 580 903 Dissapte
590 833 625 872 a
639 827 706 872 20
722 811 852 872 rebere
860 816 906 868 de
911 816 1045 898 jaume
1059 793 1211 866 Bravo
1219 819 1373 903 tapiner
1377 814 1432 872 de
1435 797 1582 891 Bara
1561 807 1666 895 fill
1669 814 1719 872 de
1726 800 1834 900 diego
1844 789 1999 875 Bravo

410 902 575 992 tapiner
594 906 642 965 de
657 878 807 987 Bara
794 924 847 985 y
860 910 910 969 de
925 895 1200 992 Hieronyma
1217 904 1441 983 defuncta
1460 901 1537 960 ab
1530 892 1672 963 Anna
1685 902 1861 981 donsella
1862 904 1991 979 filla

406 998 460 1068 de
466 1000 748 1089 Montserrat
754 998 912 1068 duran
922 996 1038 1072 boter
1055 1005 1108 1068 de
1121 978 1277 1089 Bara
1284 1001 1324 1070 #
1316 1026 1362 1103 y
1370 1001 1423 1066 de
1426 989 1585 1068 Anna
1609 998 1839 1082 defuncts

401 1099 474 1174 dit
493 1101 566 1163 dia
578 1095 728 1163 rebere
731 1104 786 1167 de
792 1113 919 1199 juan
927 1076 1112 1204 Piquer
1125 1095 1304 1165 hortola
1321 1097 1524 1169 habitant
1528 1123 1592 1169 en
1606 1085 1776 1193 Bara
1756 1106 1863 1193 fill
1878 1109 1956 1169 de

405 1182 580 1264 Antoni
599 1176 782 1299 Piquer
787 1221 928 1304 pages
949 1208 1002 1273 de
1015 1182 1191 1296 Paleja
1184 1230 1245 1298 y
1255 1206 1308 1273 de
1327 1192 1574 1304 Stephania
1606 1198 1810 1287 defuncts
1833 1171 1946 1262 ab

417 1288 690 1393 Hieronyma
718 1305 913 1397 donsella
909 1295 1054 1397 filla
1071 1307 1131 1377 de
1138 1279 1339 1375 Bernat
1354 1283 1490 1375 Bodo
1512 1298 1821 1418 blanquinador
1835 1274 1989 1391 defuct

390 1432 458 1503 y
466 1408 519 1483 de
531 1388 793 1481 Damiana

410 1509 485 1580 dit
500 1507 579 1575 dia
588 1489 753 1575 rebere
756 1503 813 1573 de
812 1456 1004 1589 franch
1001 1488 1203 1588 Saliges
1217 1489 1353 1556 celler
1365 1491 1420 1556 de
1430 1464 1592 1578 Bara
1575 1477 1688 1577 fill
1696 1496 1746 1552 de
1738 1440 1960 1568 franch

416 1601 631 1715 Saliges
642 1602 827 1686 #
841 1599 971 1665 celler
983 1593 1155 1679 defunct
1143 1623 1214 1688 y
1230 1588 1286 1662 de
1311 1577 1535 1672 Elisabeth
1570 1590 1647 1656 ab
1656 1587 1965 1685 Maryanna

421 1703 620 1792 donsella
616 1685 764 1789 filla
785 1698 842 1764 de
855 1690 1110 1791 Hieronym
1123 1705 1256 1805 jorda
1271 1694 1425 1764 valer
1431 1694 1488 1761 de
1494 1671 1650 1796 Bara
1633 1726 1684 1805 y
1689 1701 1747 1764 de
1745 1698 1996 1801 francisca

401 1804 483 1868 Dit
489 1804 570 1865 dia
583 1795 717 1868 rebere
733 1809 786 1865 de
797 1784 980 1861 Antoni
994 1774 1180 1897 Bosqui
1183 1818 1322 1900 pages
1343 1805 1400 1867 de
1406 1802 1621 1868 Samalus
1611 1802 1726 1895 fill
1743 1804 1798 1872 de
1799 1790 1974 1872 Antoni

408 1880 573 2010 Bosqui
590 1913 728 2013 pages
725 1928 786 1997 y
805 1906 858 1973 de
878 1894 1065 1973 Eularia
1089 1908 1306 2001 defuncts
1319 1901 1398 1971 ab
1411 1896 1684 2001 Maryanna
1703 1897 1936 2003 donsella

408 2000 543 2096 filla
565 2007 620 2075 de
617 2005 869 2110 francesch
884 1988 1067 2075 Parera
1084 2019 1223 2123 pages
1240 2000 1292 2068 de
1312 1993 1382 2070 dit
1397 1996 1519 2072 lloch
1527 2028 1574 2114 y
1584 1998 1645 2064 de
1671 1996 1729 2059 t

405 2097 598 2209 Diumege
616 2134 654 2171 a
670 2115 741 2174 21
754 2093 910 2174 rebere
922 2113 973 2171 de
977 2111 1141 2201 jaume
1161 2095 1312 2172 Carles
1325 2101 1420 2163 Coll
1402 2131 1465 2190 y
1482 2101 1693 2201 Marques
1700 2106 1868 2197 fuster
1894 2099 1969 2167 de

417 2202 615 2266 Mataro
623 2203 753 2262 viudo
787 2196 872 2266 ab
882 2196 1164 2306 Margarida
1179 2192 1344 2261 viuda
1366 2202 1423 2262 de
1500 2198 1551 2259 t
1639 2184 1849 2300 Guiteres
1852 2205 2014 2273 carra=

414 2305 485 2360 ter
498 2302 553 2360 de
567 2269 741 2379 Bara

406 2380 571 2448 Dilluns
587 2410 624 2446 a
641 2390 744 2441 22
754 2364 906 2439 rebere
914 2373 969 2434 de
968 2332 1157 2453 franch
1132 2362 1387 2464 figuerola
1397 2385 1528 2475 pages
1548 2361 1627 2435 del
1646 2345 1767 2432 Prat
1763 2364 1882 2457 fill
1892 2361 1962 2427 de

403 2450 604 2564 franch
581 2472 842 2575 figuerola
851 2482 980 2568 pages
995 2463 1072 2535 del
1084 2444 1200 2535 Prat
1195 2498 1256 2554 y
1262 2475 1322 2535 de
1345 2458 1571 2545 Elisabeth
1575 2466 1773 2550 defuncts
1777 2458 1850 2528 ab
1860 2458 2028 2520 Maria

414 2576 609 2674 donsella
603 2565 732 2660 filla
747 2567 802 2634 de
823 2563 989 2671 Gabriel
1015 2560 1229 2667 Cabistany
1242 2567 1456 2660 retorsedor
1478 2569 1528 2626 de
1512 2563 1647 2660 seda
1673 2560 1727 2625 de
1726 2537 1884 2662 Bara
1863 2585 1929 2646 y
1935 2563 1992 2628 de

414 2668 672 2766 Maryanna
689 2670 905 2759 defunts

398 2762 474 2830 Dit
484 2767 553 2822 dia
560 2758 692 2819 rebere
702 2772 755 2824 de
763 2770 879 2851 juan
902 2760 1047 2849 Cregut
1059 2756 1191 2835 sastre
1212 2756 1263 2816 de
1260 2749 1454 2849 frança
1469 2742 1668 2808 habitant
1674 2767 1731 2805 en
1732 2746 1783 2810 lo
1793 2746 1974 2814 Vendrell

408 2852 483 2911 ab
489 2848 750 2946 Maryanna
765 2847 933 2946 donsella
936 2850 1068 2939 filla
1089 2847 1135 2913 de
1132 2836 1249 2948 Jua
1264 2836 1391 2948 Urgell
1395 2866 1521 2945 pages
1541 2847 1603 2913 del
1624 2843 1805 2911 Vendrell
1818 2837 1992 2925 defunct

392 2977 454 3035 y
461 2954 516 3012 de
545 2945 840 3042 Magdalena

398 3037 478 3106 dit
480 3035 548 3093 dia
560 3032 687 3095 rebere
698 3035 750 3098 de
751 3032 877 3109 Juan
886 2997 1068 3084 Riberol
1077 3039 1202 3109 pages
1213 3020 1285 3084 del
1289 3043 1418 3116 regne
1422 3028 1475 3084 de
1476 3014 1643 3098 frança
1655 3004 1852 3077 habitant
1856 3028 1953 3075 en

412 3106 548 3201 Bara
556 3124 620 3181 ab
641 3110 879 3211 Margarida
891 3122 1074 3206 donsella
1073 3111 1198 3203 filla
1208 3113 1261 3171 de
1278 3099 1432 3176 Antoni
1451 3106 1630 3217 Garrigo
1644 3124 1812 3201 parayre
1824 3110 1874 3169 de
1881 3095 1978 3167 Cla=

408 3221 541 3273 riana
554 3200 678 3296 bisbat
687 3208 741 3266 de
738 3200 870 3300 Urgell
886 3208 1038 3287 defunct
1031 3234 1097 3287 y
1100 3205 1159 3266 de
1152 3202 1337 3293 Juana
