2690 3794
408 336 661 433 Divendres
669 374 719 419 a
732 358 798 424 31
819 339 974 419 rebere
984 352 1032 419 de
1028 352 1169 449 Joan
1161 332 1367 450 Jaques
1362 341 1499 425 Cura
1507 371 1643 463 pages
1644 349 1733 431 del
1734 360 1871 463 regne
1875 356 1987 438 de

425 456 618 550 frança
636 437 859 523 habitant
869 473 936 520 en
951 426 1043 515 St
1042 440 1196 515 Marti
1212 451 1278 520 de
1275 426 1563 556 Prohensals
1584 451 1659 526 ab
1667 440 1893 556 Elisabeth
1900 443 1986 520 don=

413 560 541 652 sella
542 552 675 652 filla
691 558 760 624 de
756 525 881 621 Pere
888 541 1095 668 falquer
1110 549 1273 621 texidor
1288 560 1352 624 de
1365 555 1429 624 lli
1436 560 1492 624 de
1508 549 1703 654 Solsona
1719 544 1895 649 defunct
1872 568 1942 641 y
1935 547 1999 613 de

425 664 601 734 Elienor

419 749 491 813 Dit
504 751 582 813 dia
589 730 741 804 rebere
751 730 812 796 de
814 733 971 826 jaume
989 744 1119 829 pages
1129 727 1185 791 de
1198 724 1465 813 Serdanyola
1464 730 1572 813 fill
1579 730 1635 796 de
1639 735 1797 818 jaume
1817 716 1914 826 Gili
1911 738 2049 832 pages

405 866 461 925 y
466 839 546 900 de
540 812 703 895 Paula
715 820 930 917 defuncta
948 812 1026 884 ab
1033 809 1248 925 Elisabeth
1258 820 1437 914 donsella
1445 817 1580 911 filla
1582 828 1643 895 de
1637 801 1761 895 Pere
1779 817 2002 925 Guardia

416 937 563 1045 pages
570 929 628 999 de
638 916 722 1001 St
726 916 864 1023 Cugat
880 918 947 993 de
946 907 1114 988 Vallers
1102 946 1169 1001 y
1184 918 1240 990 de
1255 910 1533 1018 Margarida
1554 913 1766 1023 defuncts
