2690 3794
322 204 513 363 Dit
526 308 604 367 dia
619 298 764 375 rebere
781 314 836 377 de
843 294 976 383 Pere
992 313 1103 420 Godo
1118 316 1193 383 del
1196 334 1331 416 regne
1342 322 1395 385 de
1376 316 1568 413 frança
1579 334 1764 392 serrador
1781 306 1956 389 habitat

384 425 453 468 en
475 376 620 466 Piera
655 394 736 464 ab
741 394 1022 491 Hieronyma
1043 404 1247 504 donsella
1250 405 1381 505 filla
1402 423 1449 480 de
1456 423 1614 505 jaume
1627 419 1782 488 Oliver
1781 435 1912 527 pages
1911 419 1978 482 de

384 477 534 567 Piera
555 482 742 582 defunct
727 520 798 587 y
809 500 870 561 de
992 500 1035 553 t

390 572 544 674 dijous
539 615 570 654 a
593 607 652 646 10
659 581 810 646 rebere
819 594 872 646 de
889 584 1149 680 Montserrat
1172 581 1317 684 Gibert
1326 580 1572 648 treballador
1581 580 1788 656 habitant
1795 617 1848 654 en
1859 578 1996 676 Bara

374 679 481 771 fill
493 685 541 745 de
561 681 826 767 Montserrat
849 675 998 771 Gibert
1010 677 1195 781 traginer
1214 687 1261 745 de
1270 706 1373 747 mar
1382 681 1576 771 defunct
1589 708 1632 777 y
1647 685 1702 745 de
1709 681 1878 775 janota
1899 671 1966 741 ab

386 766 658 866 Magdalena
673 772 864 862 donsella
873 762 1004 866 filla
1025 776 1075 836 de
1138 776 1179 828 t
1282 770 1463 836 Sabater
1470 789 1656 872 parayre
1671 792 1717 875 y
1718 767 1783 833 de
1827 772 1880 830 t

372 846 458 918 dit
463 861 540 916 dia
544 846 681 913 rebere
688 863 734 914 de
726 857 859 943 Juan
871 837 975 920 Pau
1000 855 1147 922 #
1166 852 1362 925 Mandri
1377 876 1550 933 vedrier
1562 876 1623 939 de
1645 867 1844 935 Mataro
1861 863 1950 933 ha=

387 949 538 1017 bitant
557 975 619 1015 en
646 926 797 1034 Bara
798 945 895 1038 fill
913 956 963 1013 de
979 926 1094 1019 Pere
1112 942 1287 1025 Antich
1318 954 1508 1030 Mandri
1537 971 1727 1056 traginer
1736 975 1799 1028 de
1815 970 1941 1036 dita

383 1050 496 1105 vila
514 1050 681 1127 defunct
680 1072 748 1137 y
769 1052 825 1114 de
839 1025 1046 1113 Elienor
1055 1046 1130 1114 ab
1151 1041 1423 1146 Maryanna
1445 1059 1663 1157 donsella
1662 1057 1816 1157 filla
1838 1061 1935 1135 de

387 1136 572 1242 Guerau
590 1123 714 1208 Pons
731 1141 906 1245 droguer
924 1151 982 1215 de
1013 1147 1270 1249 Granollers
1257 1186 1332 1253 y
1346 1166 1402 1223 de
1416 1152 1705 1254 Hieronyma
1722 1166 1956 1264 defuncts

378 1246 585 1307 Divendres
592 1267 630 1305 a
646 1267 683 1303 11
699 1233 837 1307 rebere
854 1246 908 1301 de
917 1227 1014 1307 Pere
1040 1241 1196 1314 Vaxer
1204 1267 1334 1348 pages
1352 1248 1423 1312 del
1431 1276 1559 1348 regne
1575 1265 1629 1320 de
1630 1259 1828 1365 fransa
1853 1252 1983 1329 habi=

385 1356 502 1402 tant
512 1360 578 1400 en
595 1308 738 1395 Robi
756 1336 827 1397 ab
830 1321 1039 1425 Angela
1055 1341 1200 1408 viuda
1223 1345 1281 1406 de
1287 1317 1421 1411 Pere
1446 1332 1648 1451 Riquer
1653 1368 1794 1456 pages
1802 1356 1865 1423 de
1870 1347 1975 1419 Ull=

385 1433 540 1529 estrell

381 1517 449 1576 dit
463 1517 538 1578 dia
554 1510 700 1572 rebere
709 1511 765 1569 de
764 1497 944 1572 Antoni
957 1485 1135 1567 Romeu
1133 1521 1325 1597 parayre
1335 1504 1391 1567 de
1401 1500 1610 1600 Terrassa
1609 1499 1716 1602 fill
1726 1506 1786 1574 de
1766 1511 1949 1606 Juan

383 1590 578 1664 Romeu
590 1616 780 1696 parayre
798 1599 852 1660 de
864 1573 948 1654 St
938 1580 1130 1658 Llorens
1148 1586 1311 1647 çavall
1297 1614 1370 1677 y
1371 1598 1413 1656 de
1410 1598 1585 1684 Juana
1600 1605 1663 1660 ab
1672 1598 1937 1671 Madrona

380 1695 585 1795 donsella
582 1693 736 1791 filla
750 1702 802 1755 de
830 1672 995 1759 Arcis
1011 1687 1152 1765 Veins
1151 1715 1357 1809 parayre
1373 1697 1419 1761 de
1439 1689 1655 1808 Terrassa
1672 1732 1729 1817 y
1730 1706 1794 1767 de
1789 1704 1990 1781 Maria

366 1797 458 1871 dit
461 1797 536 1868 dia
546 1782 702 1868 rebere
711 1797 765 1860 de
758 1796 925 1894 Jaume
943 1790 1185 1866 Salavert
1191 1814 1385 1901 parayre
1399 1794 1616 1864 habitant
1624 1818 1686 1866 en
1702 1801 1954 1907 Terrassa

365 1889 473 1991 fill
478 1898 538 1961 de
550 1883 719 1967 Antich
728 1893 959 1963 Salavert
968 1911 1152 1993 parayre
1166 1897 1224 1959 de
1238 1895 1451 1959 Sabadell
1443 1926 1504 1991 y
1509 1909 1563 1967 de
1543 1904 1720 2002 Juana
1743 1902 1958 1985 defuncts

374 1988 462 2066 ab
476 1984 647 2064 Maria
662 1988 861 2088 donsella
856 1986 1011 2082 filla
1030 1992 1082 2056 de
1110 1977 1298 2060 March
1308 1996 1521 2060 March
1533 1996 1741 2097 Maseres
1740 2025 1966 2108 parayre

370 2106 432 2157 de
440 2093 670 2189 Terrassa
665 2119 736 2185 y
745 2102 797 2159 de
815 2087 1103 2161 Marianna

368 2188 564 2288 dissapte
577 2218 615 2253 a
631 2203 708 2255 12
718 2164 863 2249 rebere
873 2184 929 2249 de
951 2182 1116 2275 Onofre
1131 2173 1309 2288 Tapies
1322 2182 1589 2294 #
1590 2194 1646 2253 de
1658 2194 1913 2295 Terrassa

349 2283 462 2376 fill
476 2291 528 2350 de
548 2278 808 2376 Hieronym
813 2263 997 2382 Tapies
985 2317 1056 2382 y
1072 2296 1126 2355 de
1174 2294 1243 2357 t
1357 2280 1446 2352 ab
1439 2280 1693 2385 Contesina
1704 2293 1911 2363 viuda

370 2394 441 2460 de
455 2383 695 2454 Mathia
720 2367 859 2454 Vidal
864 2408 1073 2497 parayre
1102 2381 1160 2447 de
1191 2384 1510 2503 Sparaguera

359 2480 430 2544 dit
433 2483 509 2544 dia
518 2472 661 2542 rebere
675 2487 723 2546 de
735 2461 850 2544 Pere
869 2480 1005 2578 Cugul
1021 2474 1264 2552 treballador
1280 2487 1474 2555 habitant
1490 2517 1546 2553 en
1562 2470 1706 2576 Bara
1709 2491 1833 2553 viudo
1846 2491 1917 2557 ab

365 2573 566 2673 Magina
571 2573 755 2664 donsella
754 2567 886 2667 filla
909 2588 958 2637 de
964 2556 1082 2639 Pere
1100 2563 1226 2675 Roig
1225 2584 1378 2681 fuster
1384 2590 1442 2649 de
1460 2582 1620 2692 Girona
1604 2618 1669 2673 y
1685 2593 1737 2649 de
1747 2567 1964 2681 Elisabeth

361 2663 572 2761 defuncts

351 2743 549 2851 Diumege
570 2763 622 2810 a
625 2755 695 2826 13
693 2727 840 2801 rebere
842 2735 904 2802 de
915 2734 1088 2834 Miquel
1102 2730 1302 2804 Tintorer
1299 2756 1483 2839 parayre
1490 2744 1552 2804 de
1556 2719 1706 2824 Bara
1703 2740 1834 2809 viudo
1844 2741 1928 2807 ab

363 2838 534 2918 Anna
540 2846 704 2912 viuda
735 2838 795 2907 de
811 2805 941 2903 Pere
968 2829 1200 2940 Marques
1206 2853 1411 2950 parayre
1428 2837 1485 2901 de
1488 2814 1659 2925 Bara

351 2945 439 3024 dit
446 2947 525 3013 dia
535 2934 676 3017 rebere
694 2943 751 3011 de
739 2930 999 3038 francesch
1021 2937 1224 3038 Nogues
1240 2939 1385 3006 corder
1395 2939 1538 3002 viudo
1549 2932 1608 3002 de
1626 2911 1782 3019 Bara
1783 2924 1875 3006 ab
1880 2913 1962 2998 Eu=

353 3042 502 3127 laria
512 3048 670 3110 viuda
684 3042 744 3107 de
776 3043 816 3105 t
858 3020 1129 3105 Torrents
1143 3034 1342 3100 texidor
1348 3031 1401 3103 de
1407 3026 1488 3108 lli

365 3132 434 3196 dit
451 3139 528 3196 dia
539 3117 678 3187 rebere
686 3141 738 3189 de
754 3111 923 3189 Antoni
932 3102 1088 3211 Perez
1083 3132 1245 3220 mestre
1255 3134 1304 3187 de
1314 3134 1444 3224 cases
1467 3124 1546 3189 del
1543 3147 1676 3220 regne
1696 3134 1754 3194 de
1738 3124 1932 3220 fransa

353 3218 562 3288 habitant
582 3244 640 3288 en
652 3188 821 3301 Bara
822 3214 895 3280 ab
881 3214 1162 3314 florentina
1182 3221 1391 3318 donsella
1388 3210 1531 3299 filla
1545 3225 1601 3280 de
1607 3208 1720 3286 Pere
1730 3233 1782 3288 de
1789 3212 1968 3310 Ayala

355 3343 504 3385 correu
506 3320 706 3404 defunct
699 3341 759 3402 y
771 3317 825 3379 de
845 3307 1024 3374 Maria
