2690 3794
388 296 544 389 dissapte
547 322 582 361 a
610 309 695 362 25
707 298 850 361 rebere
864 306 919 361 de
935 296 1085 383 Guille
1098 302 1300 396 Capdevila
1323 317 1512 392 parayre
1538 285 1697 364 habitat
1708 315 1770 361 en
1786 276 1965 389 Bara

382 382 481 476 fill
493 388 540 447 de
554 377 729 452 Antoni
740 382 982 484 Capdevila
1002 393 1173 445 sabater
1191 390 1248 447 de
1254 386 1391 445 Livia
1413 382 1550 476 bisbat
1572 388 1627 445 de
1622 371 1768 475 Urgell
1769 395 1812 476 y
1813 382 1868 447 de
1884 358 2017 441 Bea=

397 475 481 536 triu
503 470 569 529 ab
587 470 806 536 Catherina
814 470 970 560 dosella
962 470 1093 562 filla
1111 472 1169 532 de
1163 460 1280 568 Jua
1297 462 1460 559 Guasch
1478 481 1665 529 carrater
1675 468 1736 529 de
1744 459 1984 560 Granollers

392 565 569 642 defunct
570 584 628 641 y
635 563 691 624 de
709 550 899 656 Antiga

392 651 452 704 dit
462 651 529 704 dia
537 641 683 706 rebere
698 649 752 704 de
758 651 846 711 mr
847 629 955 706 Pau
960 632 1116 699 Derrer
1128 632 1345 697 mercader
1352 632 1412 697 de
1427 610 1590 715 Bara
1564 623 1680 713 fill
1689 623 1743 684 de
1750 625 1915 711 jaume
1916 602 2030 682 Der=

395 744 467 790 rer
476 722 660 816 botiguer
679 731 735 794 de
742 735 980 792 comanda
992 726 1177 809 defunct
1172 744 1225 818 y
1224 728 1288 781 de
1293 722 1349 779 la
1361 698 1474 777 Sra
1453 703 1680 796 Elisabeth
1687 724 1846 807 joana
1853 709 1921 773 ab
1916 703 2009 770 la

382 809 483 888 Sra
474 815 749 910 Margarida
761 819 965 900 donsella
962 811 1089 904 filla
1111 821 1187 885 del
1186 799 1274 881 Sr
1264 793 1376 878 Pere
1390 806 1588 900 Masdeu
1599 810 1824 874 mercader
1834 810 1890 874 de
1889 783 2038 900 Bara

371 935 429 995 y
436 920 484 975 de
491 907 559 977 la
560 901 671 979 Sra
654 891 821 971 Anna

386 985 584 1096 diumege
600 1024 643 1064 a
656 1000 752 1066 26
763 987 928 1064 rebere
943 1004 1001 1061 de
1013 976 1205 1063 Ramo
1214 985 1380 1091 Giralt
1365 990 1588 1081 sabater
1601 981 1694 1050 del
1706 964 1892 1091 Regne
1905 985 1980 1050 de

371 1093 569 1178 fransa
590 1088 817 1154 habitant
830 1108 888 1156 en
900 1090 953 1152 lo
981 1075 1254 1178 Hospitalet
1273 1086 1347 1148 ab
1329 1078 1506 1176 Juana
1518 1077 1734 1167 donsella
1723 1080 1877 1169 filla
1889 1084 1977 1148 de

374 1175 488 1283 Jua
495 1179 746 1294 Isglesias
757 1201 904 1296 pages
912 1215 957 1292 y
967 1189 1022 1253 de
1031 1164 1300 1257 Bertrana
1325 1171 1554 1260 defuncts

392 1272 452 1337 dit
464 1284 523 1335 dia
535 1270 660 1330 rebere
675 1287 724 1335 de
732 1267 986 1339 Barthomeu
1002 1282 1109 1333 Orta
1123 1290 1252 1363 pages
1263 1282 1311 1334 de
1315 1265 1390 1334 St
1365 1278 1497 1358 feliu
1522 1277 1572 1326 de
1583 1252 1775 1323 Boxaleu
1789 1259 1926 1351 bisbat
1930 1262 1994 1313 de

396 1365 544 1452 Girona
553 1358 661 1436 fill
669 1368 728 1422 de
737 1337 833 1421 Pau
849 1366 951 1418 Orta
943 1371 1099 1451 pages
1118 1371 1168 1421 de
1181 1352 1276 1419 dita
1280 1355 1507 1459 parrochia
1493 1383 1553 1441 y
1557 1358 1616 1419 de
1634 1337 1824 1414 Eularia
1837 1327 1996 1434 defucts

394 1453 455 1515 ab
468 1441 709 1545 Margarida
727 1446 915 1539 donsella
922 1443 1056 1529 filla
1072 1448 1121 1511 de
1144 1441 1342 1506 Nicolau
1351 1438 1509 1502 Oliver
1510 1454 1633 1542 pages
1653 1448 1705 1504 de
1711 1440 1780 1506 St
1772 1438 1946 1525 Cebria

379 1549 426 1612 de
413 1541 656 1643 fuyrossas
667 1544 944 1632 sufraganea
963 1539 1014 1600 de
1018 1536 1264 1630 Monnegra
1273 1551 1330 1602 #
1307 1568 1376 1625 y
1389 1539 1444 1599 de
1464 1538 1754 1637 Margarida

390 1634 456 1698 dit
457 1643 526 1704 dia
533 1626 678 1702 rebere
677 1645 726 1704 de
711 1638 948 1732 francesch
969 1626 1160 1696 Morrull
1159 1650 1339 1730 parayre
1344 1636 1397 1696 de
1401 1628 1477 1698 St
1474 1629 1633 1691 Saloni
1632 1633 1768 1693 viudo
1777 1620 1857 1683 ab
1856 1610 2008 1681 Mar=

367 1734 547 1831 garida
555 1727 737 1807 donsella
734 1711 864 1814 filla
872 1725 927 1782 de
939 1695 1056 1782 Pere
1060 1708 1219 1793 Arenes
1197 1741 1269 1805 y
1279 1713 1506 1812 Margenat
1512 1732 1640 1819 pages
1652 1718 1708 1777 de
1718 1717 1950 1782 Senata

392 1821 672 1922 sufraganea
693 1818 742 1879 de
752 1813 1020 1912 Collsabadell
1009 1835 1081 1926 y
1084 1816 1140 1879 de
1191 1820 1246 1875 t
1292 1811 1524 1896 defuncta

385 1914 554 1983 dimars
555 1937 606 1976 a
605 1928 692 1990 28
700 1900 853 1978 rebere
872 1919 925 1982 de
930 1898 1108 1980 Antoni
1125 1890 1293 1982 Bover
1304 1918 1527 1976 orationer
1532 1900 1739 1969 habitant
1742 1928 1811 1973 en
1818 1878 1981 2003 Bara

383 2008 508 2072 viudo
533 1995 608 2067 ab
618 1998 875 2095 Maryanna
890 2008 1088 2094 donsella
1082 1998 1221 2097 filla
1236 2010 1302 2069 de
1308 1979 1492 2064 Bernat
1510 1981 1723 2058 Vilardell
1722 2003 1857 2095 pages
1880 1993 1956 2055 de

385 2093 490 2167 Sta
508 2077 617 2163 Pau
634 2096 767 2202 bisbat
777 2105 841 2163 de
836 2093 968 2200 Urgell
960 2124 1020 2184 y
1028 2098 1079 2160 de
1075 2099 1296 2188 francesca
1313 2096 1520 2181 defuncts

395 2194 459 2255 dit
462 2201 540 2255 dia
553 2194 680 2259 rebere
697 2201 744 2263 de
750 2187 920 2258 Antoni
917 2185 1086 2255 Duran
1073 2213 1221 2300 pages
1231 2194 1289 2256 de
1290 2187 1361 2263 St
1347 2191 1540 2258 Sadorni
1550 2191 1603 2253 de
1620 2178 1846 2247 Subirats
1842 2164 1965 2275 fill

394 2295 450 2351 de
467 2274 635 2351 Antoni
643 2276 800 2349 Duran
813 2308 950 2380 pages
960 2285 1020 2345 de
1032 2283 1126 2342 dita
1128 2278 1364 2380 parrochia
1387 2271 1556 2359 defunct
1555 2294 1597 2361 y
1600 2274 1648 2336 de
1641 2269 1803 2358 Juana
1831 2260 1909 2330 ab
1917 2250 2033 2330 Hie=

390 2398 597 2471 ronyma
609 2378 778 2483 dosella
772 2374 920 2468 filla
928 2376 988 2440 de
982 2350 1110 2487 Jua
1121 2357 1255 2438 Tort
1266 2372 1411 2480 pages
1428 2372 1486 2443 de
1507 2351 1768 2466 Terrasola
1765 2378 1830 2468 y
1843 2357 1945 2422 de

401 2470 703 2578 Magdalena
725 2481 965 2568 defuncta

397 2571 466 2629 dit
474 2575 542 2631 dia
546 2563 690 2631 rebere
706 2570 757 2634 de
769 2563 935 2668 Gabriel
958 2556 1202 2625 Muntaner
1197 2554 1353 2640 fuster
1363 2552 1416 2611 de
1418 2521 1563 2619 Bara
1550 2535 1653 2629 fill
1652 2540 1712 2597 de
1717 2512 1932 2599 Bernat

392 2654 656 2726 Muntaner
673 2655 931 2752 imaginayre
953 2659 1013 2716 de
1031 2628 1192 2732 Bara
1193 2671 1230 2741 y
1234 2640 1286 2700 de
1278 2631 1451 2728 Juana
1466 2628 1660 2712 defuncts
1670 2628 1748 2695 ab
1734 2624 1896 2717 Juana
1906 2595 1987 2688 do=

386 2759 526 2850 sella
529 2744 661 2837 filla
681 2748 735 2811 de
737 2749 905 2843 Juan#
928 2740 1171 2841 Capdevila
1187 2738 1334 2830 sastre
1333 2759 1385 2839 y
1386 2742 1438 2800 de
1441 2729 1614 2822 Juana
1636 2716 1849 2810 defuncts

384 2838 464 2913 Dit
472 2851 553 2915 dia
565 2836 717 2915 rebere
718 2845 791 2917 del
805 2825 890 2917 Sr
887 2844 969 2911 don
967 2843 1105 2947 Juan
1119 2843 1177 2914 de
1197 2824 1315 2903 Erill
1290 2863 1362 2930 y
1381 2821 1568 2909 Marles
1585 2832 1730 2924 donsell
1734 2847 1798 2885 en
1806 2790 1983 2904 Bara

397 2941 581 3057 populat
582 2941 682 3037 fill
696 2945 761 3014 del
773 2922 846 3013 Sr
837 2943 931 3008 don
922 2933 1115 3036 franco
1103 2941 1169 3011 de
1176 2915 1291 3008 Erill
1280 2964 1327 3044 y
1333 2943 1387 3002 de
1407 2940 1552 2998 Orcau
1564 2921 1743 3014 defunct
1747 2941 1798 3027 y
1802 2921 1864 2980 de
1891 2901 1972 2978 la

412 3036 519 3114 Sra
527 3034 651 3109 dona
665 3030 873 3142 Costansa
900 3043 958 3107 de
972 3015 1092 3107 Erill
1099 3058 1141 3146 y
1150 3034 1213 3109 de
1216 3028 1410 3109 Marles
1435 3028 1514 3099 ab
1526 3019 1595 3094 la
1610 3004 1730 3097 Sra
1708 3015 1828 3091 dona
1840 3012 2023 3088 Maria

410 3143 625 3245 donsella
626 3135 755 3236 filla
775 3133 856 3208 del
866 3124 935 3206 Sr
934 3130 1028 3208 don
1051 3120 1304 3238 Christophol
1328 3126 1514 3238 Gallart
1511 3148 1563 3236 y
1568 3130 1626 3194 de
1638 3098 1868 3221 Traginer
1889 3106 2002 3184 the=

393 3248 536 3332 sorer
554 3239 611 3306 de
628 3226 897 3328 Cathalunya
908 3255 952 3330 y
974 3220 1260 3334 Governador
1273 3231 1376 3297 dels
1394 3216 1584 3293 Comtats
1609 3213 1679 3291 de
1702 3194 1930 3315 Rosello
1925 3241 1981 3301 y

429 3323 668 3417 Serdanya
684 3348 772 3441 per
766 3323 861 3428 sa
890 3318 1030 3435 Magt
1015 3348 1056 3437 y
1070 3322 1132 3393 de
1134 3322 1188 3387 la
1187 3305 1293 3386 Sra
1278 3314 1382 3378 dona
1399 3298 1684 3417 Magdalena
1702 3301 1866 3400 Gallart
1867 3327 1907 3398 y
1903 3305 1960 3369 de
1942 3305 2106 3397 Calders
