2690 3794
387 283 637 359 Divendres
649 315 689 361 a
706 307 786 386 29
802 288 951 369 rebere
961 305 1017 369 de
1024 283 1149 373 Pere
1163 283 1271 370 Pau
1282 301 1495 396 Sagarra
1514 320 1702 405 traginer
1706 311 1765 382 de
1770 307 2014 382 Martorell

393 381 507 478 fill
521 390 582 446 de
598 360 718 451 Pere
735 388 930 482 Sagarra
954 398 1143 484 traginer
1130 413 1205 486 y
1210 400 1265 461 de
1266 396 1498 490 francina
1532 396 1603 463 ab
1611 394 1886 495 Magdalena
1885 400 2051 495 dosella

391 481 526 576 filla
541 487 600 550 de
593 468 726 574 Jua
742 473 947 574 Alfonso
958 487 1102 587 pages
1117 485 1304 574 defunct
1287 505 1356 582 y
1346 496 1411 563 de
1421 483 1688 586 Magdalena
1706 503 1798 556 tots
1809 498 1857 552 de
1856 490 1946 559 dita
1949 492 2055 556 vila

407 579 590 672 Dissapte
599 592 640 635 a
663 572 736 642 30
754 570 889 637 rebere
897 577 955 639 de
942 572 1191 667 francesch
1206 551 1409 672 Busquet
1410 592 1546 684 pages
1559 592 1614 646 de
1629 560 1709 639 St
1701 573 1859 650 Llorens
1871 579 2039 646 çavall

418 668 553 731 viudo
585 652 656 729 ab
661 649 935 752 Hieronyma
956 656 1127 754 donsella
1121 660 1254 757 filla
1264 666 1323 729 de
1309 660 1449 752 Juan
1477 643 1630 756 Bosch
1621 679 1752 756 pages
1757 666 1816 729 de
1828 654 2051 761 Monistrol

418 758 476 822 de
486 747 672 822 Calders
686 747 834 854 bisbat
859 755 910 814 de
909 743 1013 820 Vich
998 770 1069 835 y
1082 747 1139 812 de
1169 749 1405 825 Catherina

399 932 522 1009 dit
525 915 683 1012 dia
692 924 761 993 de
785 907 1069 971 Valenti
1053 909 1350 1001 Gerones
1379 919 1463 971 de
1457 875 1720 996 Castell
1701 858 1959 995 tersol

395 1000 710 1075 bisbat
711 987 798 1050 de
818 973 1009 1044 Vich
1018 981 1219 1067 fill
1233 981 1316 1037 de
1301 968 1535 1063 jaue
1544 966 1857 1069 Girones
1805 977 1979 1075 pa=

310 1087 528 1188 ges
552 1062 658 1131 de
663 1043 785 1111 dit
795 1034 1017 1109 lloch
1008 1055 1085 1122 i
1086 1060 1182 1116 de
1206 1036 1575 1124 eulalia
1654 1028 1797 1109 ab
1813 1025 2105 1101 Anna

403 1115 827 1237 donzella
810 1098 1079 1205 filla
1086 1109 1189 1177 de
1200 1072 1634 1177 Vallenti
1605 1106 1927 1182 Rocha
1895 1104 2043 1205 pa=

397 1206 687 1301 rayre
696 1194 819 1269 de
814 1176 885 1254 #
869 1174 1114 1263 feliu
1138 1166 1246 1250 de
1260 1166 1614 1276 Codines
1613 1153 1971 1260 defunct
1924 1185 2041 1288 y

393 1290 494 1355 de
496 1265 841 1366 Angela
