<?xml version="1.0" encoding="utf-8"?>
<PcGts xmlns="http://schema.primaresearch.org/PAGE/gts/pagecontent/2013-07-15">
  <Metadata>
    <Creator>GeneraPageCompeition</Creator>
    <Created>2017-11-30T18:34:44Z</Created>
    <LastChange>2017-11-30T18:34:44Z</LastChange>
  </Metadata>
  <Page imageFilename="Volum_069_Registres_0032.jpg" imageHeight="3794" imageWidth="2690">
    <Property key="idPage" value="10382"/>
    <TextRegion id="Record1">
      <Coords points="0,0 0,0"/>
      <TextLine id="Record1_Line0">
        <Coords points="0,0 0,0"/>
        <Word id="Record1_Line0_Word0">
          <Property key="category" value="other"/>
          <Property key="person" value="none"/>
          <Coords points="407,348 592,348 592,443 407,443"/>
          <TextEquiv>
            <Unicode>dissapte</Unicode>
          </TextEquiv>
        </Word>
        <Word id="Record1_Line0_Word1">
          <Property key="category" value="other"/>
          <Property key="person" value="none"/>
          <Coords points="602,364 639,364 639,407 602,407"/>
          <TextEquiv>
            <Unicode>a</Unicode>
          </TextEquiv>
        </Word>
        <Word id="Record1_Line0_Word2">
          <Property key="category" value="other"/>
          <Property key="person" value="none"/>
          <Coords points="661,366 713,366 713,426 661,426"/>
          <TextEquiv>
            <Unicode>19</Unicode>
          </TextEquiv>
        </Word>
        <Word id="Record1_Line0_Word3">
          <Property key="category" value="other"/>
          <Property key="person" value="none"/>
          <Coords points="733,320 881,320 881,403 733,403"/>
          <TextEquiv>
            <Unicode>rebere</Unicode>
          </TextEquiv>
        </Word>
        <Word id="Record1_Line0_Word4">
          <Property key="category" value="other"/>
          <Property key="person" value="none"/>
          <Coords points="892,340 944,340 944,400 892,400"/>
          <TextEquiv>
            <Unicode>de</Unicode>
          </TextEquiv>
        </Word>
        <Word id="Record1_Line0_Word5">
          <Property key="category" value="name"/>
          <Property key="person" value="husband"/>
          <Coords points="957,332 1154,332 1154,431 957,431"/>
          <TextEquiv>
            <Unicode>Miquel</Unicode>
          </TextEquiv>
        </Word>
        <Word id="Record1_Line0_Word6">
          <Property key="category" value="surname"/>
          <Property key="person" value="husband"/>
          <Coords points="1167,315 1325,315 1325,398 1167,398"/>
          <TextEquiv>
            <Unicode>Rodon</Unicode>
          </TextEquiv>
        </Word>
        <Word id="Record1_Line0_Word7">
          <Property key="category" value="occupation"/>
          <Property key="person" value="husband"/>
          <Coords points="1329,344 1459,344 1459,436 1329,436"/>
          <TextEquiv>
            <Unicode>pages</Unicode>
          </TextEquiv>
        </Word>
        <Word id="Record1_Line0_Word8">
          <Property key="category" value="other"/>
          <Property key="person" value="none"/>
          <Coords points="1471,335 1517,335 1517,394 1471,394"/>
          <TextEquiv>
            <Unicode>de</Unicode>
          </TextEquiv>
        </Word>
        <Word id="Record1_Line0_Word9">
          <Property key="category" value="location"/>
          <Property key="person" value="husband"/>
          <Coords points="1533,315 1608,315 1608,396 1533,396"/>
          <TextEquiv>
            <Unicode>St</Unicode>
          </TextEquiv>
        </Word>
        <Word id="Record1_Line0_Word10">
          <Property key="category" value="location"/>
          <Property key="person" value="husband"/>
          <Coords points="1583,327 1734,327 1734,418 1583,418"/>
          <TextEquiv>
            <Unicode>feliu</Unicode>
          </TextEquiv>
        </Word>
        <Word id="Record1_Line0_Word11">
          <Property key="category" value="location"/>
          <Property key="person" value="husband"/>
          <Coords points="1742,331 1792,331 1792,389 1742,389"/>
          <TextEquiv>
            <Unicode>de</Unicode>
          </TextEquiv>
        </Word>
        <Word id="Record1_Line0_Word12">
          <Property key="category" value="location"/>
          <Property key="person" value="husband"/>
          <Coords points="1802,327 1966,327 1966,388 1802,388"/>
          <TextEquiv>
            <Unicode>Cabrera</Unicode>
          </TextEquiv>
        </Word>
      </TextLine>
      <TextLine id="Record1_Line1">
        <Coords points="0,0 0,0"/>
        <Word id="Record1_Line1_Word0">
          <Property key="category" value="other"/>
          <Property key="person" value="none"/>
          <Coords points="391,435 488,435 488,521 391,521"/>
          <TextEquiv>
            <Unicode>fill</Unicode>
          </TextEquiv>
        </Word>
        <Word id="Record1_Line1_Word1">
          <Property key="category" value="other"/>
          <Property key="person" value="none"/>
          <Coords points="497,437 546,437 546,497 497,497"/>
          <TextEquiv>
            <Unicode>de</Unicode>
          </TextEquiv>
        </Word>
        <Word id="Record1_Line1_Word2">
          <Property key="category" value="name"/>
          <Property key="person" value="husbands_father"/>
          <Coords points="543,425 650,425 650,521 543,521"/>
          <TextEquiv>
            <Unicode>Jua</Unicode>
          </TextEquiv>
        </Word>
        <Word id="Record1_Line1_Word3">
          <Property key="category" value="name"/>
          <Property key="person" value="husbands_father"/>
          <Coords points="659,410 760,410 760,496 659,496"/>
          <TextEquiv>
            <Unicode>Pau</Unicode>
          </TextEquiv>
        </Word>
        <Word id="Record1_Line1_Word4">
          <Property key="category" value="surname"/>
          <Property key="person" value="husbands_father"/>
          <Coords points="776,413 929,413 929,499 776,499"/>
          <TextEquiv>
            <Unicode>Rodon</Unicode>
          </TextEquiv>
        </Word>
        <Word id="Record1_Line1_Word5">
          <Property key="category" value="occupation"/>
          <Property key="person" value="husbands_father"/>
          <Coords points="938,441 1065,441 1065,526 938,526"/>
          <TextEquiv>
            <Unicode>pages</Unicode>
          </TextEquiv>
        </Word>
        <Word id="Record1_Line1_Word6">
          <Property key="category" value="other"/>
          <Property key="person" value="none"/>
          <Coords points="1080,431 1129,431 1129,487 1080,487"/>
          <TextEquiv>
            <Unicode>de</Unicode>
          </TextEquiv>
        </Word>
        <Word id="Record1_Line1_Word7">
          <Property key="category" value="location"/>
          <Property key="person" value="husbands_father"/>
          <Coords points="1139,422 1228,422 1228,489 1139,489"/>
          <TextEquiv>
            <Unicode>dita</Unicode>
          </TextEquiv>
        </Word>
        <Word id="Record1_Line1_Word8">
          <Property key="category" value="location"/>
          <Property key="person" value="husbands_father"/>
          <Coords points="1237,415 1456,415 1456,531 1237,531"/>
          <TextEquiv>
            <Unicode>parrochia</Unicode>
          </TextEquiv>
        </Word>
        <Word id="Record1_Line1_Word9">
          <Property key="category" value="other"/>
          <Property key="person" value="none"/>
          <Coords points="1447,446 1506,446 1506,506 1447,506"/>
          <TextEquiv>
            <Unicode>y</Unicode>
          </TextEquiv>
        </Word>
        <Word id="Record1_Line1_Word10">
          <Property key="category" value="other"/>
          <Property key="person" value="none"/>
          <Coords points="1520,433 1570,433 1570,481 1520,481"/>
          <TextEquiv>
            <Unicode>de</Unicode>
          </TextEquiv>
        </Word>
        <Word id="Record1_Line1_Word11">
          <Property key="category" value="name"/>
          <Property key="person" value="husbands_mother"/>
          <Coords points="1573,413 1752,413 1752,482 1573,482"/>
          <TextEquiv>
            <Unicode>Violant</Unicode>
          </TextEquiv>
        </Word>
        <Word id="Record1_Line1_Word12">
          <Property key="category" value="other"/>
          <Property key="person" value="none"/>
          <Coords points="1759,411 1830,411 1830,476 1759,476"/>
          <TextEquiv>
            <Unicode>ab</Unicode>
          </TextEquiv>
        </Word>
        <Word id="Record1_Line1_Word13">
          <Property key="category" value="name"/>
          <Property key="person" value="wife"/>
          <Coords points="1835,406 1966,406 1966,477 1835,477"/>
          <TextEquiv>
            <Unicode>Mar=</Unicode>
          </TextEquiv>
        </Word>
      </TextLine>
      <TextLine id="Record1_Line2">
        <Coords points="0,0 0,0"/>
        <Word id="Record1_Line2_Word0">
          <Property key="category" value="name"/>
          <Property key="person" value="wife"/>
          <Coords points="387,524 565,524 565,622 387,622"/>
          <TextEquiv>
            <Unicode>garida</Unicode>
          </TextEquiv>
        </Word>
        <Word id="Record1_Line2_Word1">
          <Property key="category" value="state"/>
          <Property key="person" value="wife"/>
          <Coords points="567,523 755,523 755,612 567,612"/>
          <TextEquiv>
            <Unicode>donsella</Unicode>
          </TextEquiv>
        </Word>
        <Word id="Record1_Line2_Word2">
          <Property key="category" value="other"/>
          <Property key="person" value="none"/>
          <Coords points="760,520 867,520 867,604 760,604"/>
          <TextEquiv>
            <Unicode>filla</Unicode>
          </TextEquiv>
        </Word>
        <Word id="Record1_Line2_Word3">
          <Property key="category" value="other"/>
          <Property key="person" value="none"/>
          <Coords points="889,519 940,519 940,576 889,576"/>
          <TextEquiv>
            <Unicode>de</Unicode>
          </TextEquiv>
        </Word>
        <Word id="Record1_Line2_Word4">
          <Property key="category" value="name"/>
          <Property key="person" value="wifes_father"/>
          <Coords points="946,503 1127,503 1127,573 946,573"/>
          <TextEquiv>
            <Unicode>Arnau</Unicode>
          </TextEquiv>
        </Word>
        <Word id="Record1_Line2_Word5">
          <Property key="category" value="surname"/>
          <Property key="person" value="wifes_father"/>
          <Coords points="1139,511 1341,511 1341,567 1139,567"/>
          <TextEquiv>
            <Unicode>Carbonell</Unicode>
          </TextEquiv>
        </Word>
        <Word id="Record1_Line2_Word6">
          <Property key="category" value="occupation"/>
          <Property key="person" value="wifes_father"/>
          <Coords points="1356,504 1509,504 1509,567 1356,567"/>
          <TextEquiv>
            <Unicode>texidor</Unicode>
          </TextEquiv>
        </Word>
        <Word id="Record1_Line2_Word7">
          <Property key="category" value="occupation"/>
          <Property key="person" value="wifes_father"/>
          <Coords points="1516,508 1564,508 1564,562 1516,562"/>
          <TextEquiv>
            <Unicode>de</Unicode>
          </TextEquiv>
        </Word>
        <Word id="Record1_Line2_Word8">
          <Property key="category" value="occupation"/>
          <Property key="person" value="wifes_father"/>
          <Coords points="1575,493 1634,493 1634,565 1575,565"/>
          <TextEquiv>
            <Unicode>lli</Unicode>
          </TextEquiv>
        </Word>
        <Word id="Record1_Line2_Word9">
          <Property key="category" value="other"/>
          <Property key="person" value="none"/>
          <Coords points="1607,520 1671,520 1671,577 1607,577"/>
          <TextEquiv>
            <Unicode>y</Unicode>
          </TextEquiv>
        </Word>
        <Word id="Record1_Line2_Word10">
          <Property key="category" value="other"/>
          <Property key="person" value="none"/>
          <Coords points="1678,495 1737,495 1737,559 1678,559"/>
          <TextEquiv>
            <Unicode>de</Unicode>
          </TextEquiv>
        </Word>
        <Word id="Record1_Line2_Word11">
          <Property key="category" value="name"/>
          <Property key="person" value="wifes_mother"/>
          <Coords points="1755,490 1998,490 1998,580 1755,580"/>
          <TextEquiv>
            <Unicode>Motserrada</Unicode>
          </TextEquiv>
        </Word>
      </TextLine>
      <TextLine id="Record1_Line3">
        <Coords points="0,0 0,0"/>
        <Word id="Record1_Line3_Word0">
          <Property key="category" value="other"/>
          <Property key="person" value="none"/>
          <Coords points="415,616 607,616 607,691 415,691"/>
          <TextEquiv>
            <Unicode>defuncts</Unicode>
          </TextEquiv>
        </Word>
      </TextLine>
    </TextRegion>
    <TextRegion id="Record2">
      <Coords points="0,0 0,0"/>
      <TextLine id="Record2_Line0">
        <Coords points="0,0 0,0"/>
        <Word id="Record2_Line0_Word0">
          <Property key="category" value="other"/>
          <Property key="person" value="none"/>
          <Coords points="417,688 479,688 479,755 417,755"/>
          <TextEquiv>
            <Unicode>dit</Unicode>
          </TextEquiv>
        </Word>
        <Word id="Record2_Line0_Word1">
          <Property key="category" value="other"/>
          <Property key="person" value="none"/>
          <Coords points="485,693 558,693 558,754 485,754"/>
          <TextEquiv>
            <Unicode>dia</Unicode>
          </TextEquiv>
        </Word>
        <Word id="Record2_Line0_Word2">
          <Property key="category" value="other"/>
          <Property key="person" value="none"/>
          <Coords points="573,677 709,677 709,748 573,748"/>
          <TextEquiv>
            <Unicode>rebere</Unicode>
          </TextEquiv>
        </Word>
        <Word id="Record2_Line0_Word3">
          <Property key="category" value="other"/>
          <Property key="person" value="none"/>
          <Coords points="716,681 771,681 771,746 716,746"/>
          <TextEquiv>
            <Unicode>de</Unicode>
          </TextEquiv>
        </Word>
        <Word id="Record2_Line0_Word4">
          <Property key="category" value="name"/>
          <Property key="person" value="husband"/>
          <Coords points="783,676 947,676 947,775 783,775"/>
          <TextEquiv>
            <Unicode>Gabriel</Unicode>
          </TextEquiv>
        </Word>
        <Word id="Record2_Line0_Word5">
          <Property key="category" value="surname"/>
          <Property key="person" value="husband"/>
          <Coords points="971,666 1149,666 1149,762 971,762"/>
          <TextEquiv>
            <Unicode>Tarafa</Unicode>
          </TextEquiv>
        </Word>
        <Word id="Record2_Line0_Word6">
          <Property key="category" value="occupation"/>
          <Property key="person" value="husband"/>
          <Coords points="1170,676 1329,676 1329,737 1170,737"/>
          <TextEquiv>
            <Unicode>texidor</Unicode>
          </TextEquiv>
        </Word>
        <Word id="Record2_Line0_Word7">
          <Property key="category" value="occupation"/>
          <Property key="person" value="husband"/>
          <Coords points="1344,677 1384,677 1384,730 1344,730"/>
          <TextEquiv>
            <Unicode>de</Unicode>
          </TextEquiv>
        </Word>
        <Word id="Record2_Line0_Word8">
          <Property key="category" value="occupation"/>
          <Property key="person" value="husband"/>
          <Coords points="1401,676 1459,676 1459,734 1401,734"/>
          <TextEquiv>
            <Unicode>lli</Unicode>
          </TextEquiv>
        </Word>
        <Word id="Record2_Line0_Word9">
          <Property key="category" value="other"/>
          <Property key="person" value="none"/>
          <Coords points="1467,679 1518,679 1518,741 1467,741"/>
          <TextEquiv>
            <Unicode>de</Unicode>
          </TextEquiv>
        </Word>
        <Word id="Record2_Line0_Word10">
          <Property key="category" value="location"/>
          <Property key="person" value="husband"/>
          <Coords points="1530,649 1605,649 1605,739 1530,739"/>
          <TextEquiv>
            <Unicode>St</Unicode>
          </TextEquiv>
        </Word>
        <Word id="Record2_Line0_Word11">
          <Property key="category" value="location"/>
          <Property key="person" value="husband"/>
          <Coords points="1607,668 1766,668 1766,735 1607,735"/>
          <TextEquiv>
            <Unicode>Menat</Unicode>
          </TextEquiv>
        </Word>
        <Word id="Record2_Line0_Word12">
          <Property key="category" value="state"/>
          <Property key="person" value="husband"/>
          <Coords points="1770,677 1895,677 1895,737 1770,737"/>
          <TextEquiv>
            <Unicode>viudo</Unicode>
          </TextEquiv>
        </Word>
        <Word id="Record2_Line0_Word13">
          <Property key="category" value="other"/>
          <Property key="person" value="none"/>
          <Coords points="1901,676 1970,676 1970,737 1901,737"/>
          <TextEquiv>
            <Unicode>ab</Unicode>
          </TextEquiv>
        </Word>
      </TextLine>
      <TextLine id="Record2_Line1">
        <Coords points="0,0 0,0"/>
        <Word id="Record2_Line1_Word0">
          <Property key="category" value="name"/>
          <Property key="person" value="wife"/>
          <Coords points="415,769 592,769 592,841 415,841"/>
          <TextEquiv>
            <Unicode>Maria</Unicode>
          </TextEquiv>
        </Word>
        <Word id="Record2_Line1_Word1">
          <Property key="category" value="other"/>
          <Property key="person" value="none"/>
          <Coords points="607,769 785,769 785,854 607,854"/>
          <TextEquiv>
            <Unicode>donsella</Unicode>
          </TextEquiv>
        </Word>
        <Word id="Record2_Line1_Word2">
          <Property key="category" value="other"/>
          <Property key="person" value="none"/>
          <Coords points="786,763 923,763 923,857 786,857"/>
          <TextEquiv>
            <Unicode>filla</Unicode>
          </TextEquiv>
        </Word>
        <Word id="Record2_Line1_Word3">
          <Property key="category" value="other"/>
          <Property key="person" value="none"/>
          <Coords points="933,779 991,779 991,832 933,832"/>
          <TextEquiv>
            <Unicode>de</Unicode>
          </TextEquiv>
        </Word>
        <Word id="Record2_Line1_Word4">
          <Property key="category" value="name"/>
          <Property key="person" value="wifes_father"/>
          <Coords points="1001,744 1192,744 1192,834 1001,834"/>
          <TextEquiv>
            <Unicode>Bernat</Unicode>
          </TextEquiv>
        </Word>
        <Word id="Record2_Line1_Word5">
          <Property key="category" value="surname"/>
          <Property key="person" value="wifes_father"/>
          <Coords points="1207,763 1375,763 1375,829 1207,829"/>
          <TextEquiv>
            <Unicode>Carner</Unicode>
          </TextEquiv>
        </Word>
        <Word id="Record2_Line1_Word6">
          <Property key="category" value="occupation"/>
          <Property key="person" value="wifes_father"/>
          <Coords points="1372,767 1506,767 1506,862 1372,862"/>
          <TextEquiv>
            <Unicode>pages</Unicode>
          </TextEquiv>
        </Word>
        <Word id="Record2_Line1_Word7">
          <Property key="category" value="other"/>
          <Property key="person" value="none"/>
          <Coords points="1516,774 1558,774 1558,827 1516,827"/>
          <TextEquiv>
            <Unicode>de</Unicode>
          </TextEquiv>
        </Word>
        <Word id="Record2_Line1_Word8">
          <Property key="category" value="location"/>
          <Property key="person" value="wifes_father"/>
          <Coords points="1573,756 1864,756 1864,857 1573,857"/>
          <TextEquiv>
            <Unicode>Castellterçol</Unicode>
          </TextEquiv>
        </Word>
        <Word id="Record2_Line1_Word9">
          <Property key="category" value="other"/>
          <Property key="person" value="none"/>
          <Coords points="1843,784 1902,784 1902,847 1843,847"/>
          <TextEquiv>
            <Unicode>y</Unicode>
          </TextEquiv>
        </Word>
        <Word id="Record2_Line1_Word10">
          <Property key="category" value="other"/>
          <Property key="person" value="none"/>
          <Coords points="1905,754 1963,754 1963,827 1905,827"/>
          <TextEquiv>
            <Unicode>de</Unicode>
          </TextEquiv>
        </Word>
      </TextLine>
      <TextLine id="Record2_Line2">
        <Coords points="0,0 0,0"/>
        <Word id="Record2_Line2_Word0">
          <Property key="category" value="name"/>
          <Property key="person" value="wifes_mother"/>
          <Coords points="432,854 660,854 660,970 432,970"/>
          <TextEquiv>
            <Unicode>Elisabeth</Unicode>
          </TextEquiv>
        </Word>
      </TextLine>
    </TextRegion>
    <TextRegion id="Record3">
      <Coords points="0,0 0,0"/>
      <TextLine id="Record3_Line0">
        <Coords points="0,0 0,0"/>
        <Word id="Record3_Line0_Word0">
          <Property key="category" value="other"/>
          <Property key="person" value="none"/>
          <Coords points="422,929 599,929 599,1052 422,1052"/>
          <TextEquiv>
            <Unicode>diumege</Unicode>
          </TextEquiv>
        </Word>
        <Word id="Record3_Line0_Word1">
          <Property key="category" value="other"/>
          <Property key="person" value="none"/>
          <Coords points="613,968 675,968 675,1017 613,1017"/>
          <TextEquiv>
            <Unicode>a</Unicode>
          </TextEquiv>
        </Word>
        <Word id="Record3_Line0_Word2">
          <Property key="category" value="other"/>
          <Property key="person" value="none"/>
          <Coords points="683,955 774,955 774,1015 683,1015"/>
          <TextEquiv>
            <Unicode>20</Unicode>
          </TextEquiv>
        </Word>
        <Word id="Record3_Line0_Word3">
          <Property key="category" value="other"/>
          <Property key="person" value="none"/>
          <Coords points="781,929 927,929 927,1009 781,1009"/>
          <TextEquiv>
            <Unicode>rebere</Unicode>
          </TextEquiv>
        </Word>
        <Word id="Record3_Line0_Word4">
          <Property key="category" value="other"/>
          <Property key="person" value="none"/>
          <Coords points="930,947 989,947 989,1001 930,1001"/>
          <TextEquiv>
            <Unicode>de</Unicode>
          </TextEquiv>
        </Word>
        <Word id="Record3_Line0_Word5">
          <Property key="category" value="name"/>
          <Property key="person" value="husband"/>
          <Coords points="992,929 1167,929 1167,1027 992,1027"/>
          <TextEquiv>
            <Unicode>Miquel</Unicode>
          </TextEquiv>
        </Word>
        <Word id="Record3_Line0_Word6">
          <Property key="category" value="surname"/>
          <Property key="person" value="husband"/>
          <Coords points="1175,922 1346,922 1346,1000 1175,1000"/>
          <TextEquiv>
            <Unicode>Ricart</Unicode>
          </TextEquiv>
        </Word>
        <Word id="Record3_Line0_Word7">
          <Property key="category" value="occupation"/>
          <Property key="person" value="husband"/>
          <Coords points="1357,925 1527,925 1527,995 1357,995"/>
          <TextEquiv>
            <Unicode>texidor</Unicode>
          </TextEquiv>
        </Word>
        <Word id="Record3_Line0_Word8">
          <Property key="category" value="occupation"/>
          <Property key="person" value="husband"/>
          <Coords points="1524,933 1579,933 1579,990 1524,990"/>
          <TextEquiv>
            <Unicode>de</Unicode>
          </TextEquiv>
        </Word>
        <Word id="Record3_Line0_Word9">
          <Property key="category" value="occupation"/>
          <Property key="person" value="husband"/>
          <Coords points="1588,923 1647,923 1647,988 1588,988"/>
          <TextEquiv>
            <Unicode>lli</Unicode>
          </TextEquiv>
        </Word>
        <Word id="Record3_Line0_Word10">
          <Property key="category" value="other"/>
          <Property key="person" value="none"/>
          <Coords points="1657,925 1736,925 1736,988 1657,988"/>
          <TextEquiv>
            <Unicode>del</Unicode>
          </TextEquiv>
        </Word>
        <Word id="Record3_Line0_Word11">
          <Property key="category" value="other"/>
          <Property key="person" value="none"/>
          <Coords points="1733,941 1861,941 1861,1007 1733,1007"/>
          <TextEquiv>
            <Unicode>regne</Unicode>
          </TextEquiv>
        </Word>
        <Word id="Record3_Line0_Word12">
          <Property key="category" value="other"/>
          <Property key="person" value="none"/>
          <Coords points="1874,915 1939,915 1939,980 1874,980"/>
          <TextEquiv>
            <Unicode>de</Unicode>
          </TextEquiv>
        </Word>
      </TextLine>
      <TextLine id="Record3_Line1">
        <Coords points="0,0 0,0"/>
        <Word id="Record3_Line1_Word0">
          <Property key="category" value="other"/>
          <Property key="person" value="none"/>
          <Coords points="410,1046 590,1046 590,1124 410,1124"/>
          <TextEquiv>
            <Unicode>frança</Unicode>
          </TextEquiv>
        </Word>
        <Word id="Record3_Line1_Word1">
          <Property key="category" value="other"/>
          <Property key="person" value="none"/>
          <Coords points="607,1031 803,1031 803,1102 607,1102"/>
          <TextEquiv>
            <Unicode>habitant</Unicode>
          </TextEquiv>
        </Word>
        <Word id="Record3_Line1_Word2">
          <Property key="category" value="other"/>
          <Property key="person" value="none"/>
          <Coords points="815,1049 864,1049 864,1090 815,1090"/>
          <TextEquiv>
            <Unicode>en</Unicode>
          </TextEquiv>
        </Word>
        <Word id="Record3_Line1_Word3">
          <Property key="category" value="location"/>
          <Property key="person" value="husband"/>
          <Coords points="874,1017 1075,1017 1075,1111 874,1111"/>
          <TextEquiv>
            <Unicode>Terrassa</Unicode>
          </TextEquiv>
        </Word>
        <Word id="Record3_Line1_Word4">
          <Property key="category" value="other"/>
          <Property key="person" value="none"/>
          <Coords points="1087,1021 1160,1021 1160,1090 1087,1090"/>
          <TextEquiv>
            <Unicode>ab</Unicode>
          </TextEquiv>
        </Word>
        <Word id="Record3_Line1_Word5">
          <Property key="category" value="name"/>
          <Property key="person" value="wife"/>
          <Coords points="1180,1003 1387,1003 1387,1098 1180,1098"/>
          <TextEquiv>
            <Unicode>Elisabeth</Unicode>
          </TextEquiv>
        </Word>
        <Word id="Record3_Line1_Word6">
          <Property key="category" value="state"/>
          <Property key="person" value="wife"/>
          <Coords points="1408,1006 1574,1006 1574,1098 1408,1098"/>
          <TextEquiv>
            <Unicode>donsella</Unicode>
          </TextEquiv>
        </Word>
        <Word id="Record3_Line1_Word7">
          <Property key="category" value="other"/>
          <Property key="person" value="none"/>
          <Coords points="1569,1012 1692,1012 1692,1104 1569,1104"/>
          <TextEquiv>
            <Unicode>filla</Unicode>
          </TextEquiv>
        </Word>
        <Word id="Record3_Line1_Word8">
          <Property key="category" value="other"/>
          <Property key="person" value="none"/>
          <Coords points="1711,1008 1757,1008 1757,1072 1711,1072"/>
          <TextEquiv>
            <Unicode>de</Unicode>
          </TextEquiv>
        </Word>
        <Word id="Record3_Line1_Word9">
          <Property key="category" value="name"/>
          <Property key="person" value="wifes_father"/>
          <Coords points="1754,990 1863,990 1863,1092 1754,1092"/>
          <TextEquiv>
            <Unicode>Jua</Unicode>
          </TextEquiv>
        </Word>
        <Word id="Record3_Line1_Word10">
          <Property key="category" value="surname"/>
          <Property key="person" value="wifes_father"/>
          <Coords points="1870,976 1979,976 1979,1067 1870,1067"/>
          <TextEquiv>
            <Unicode>Vices</Unicode>
          </TextEquiv>
        </Word>
      </TextLine>
      <TextLine id="Record3_Line2">
        <Coords points="0,0 0,0"/>
        <Word id="Record3_Line2_Word0">
          <Property key="category" value="occupation"/>
          <Property key="person" value="wifes_father"/>
          <Coords points="426,1132 583,1132 583,1201 426,1201"/>
          <TextEquiv>
            <Unicode>texidor</Unicode>
          </TextEquiv>
        </Word>
        <Word id="Record3_Line2_Word1">
          <Property key="category" value="occupation"/>
          <Property key="person" value="wifes_father"/>
          <Coords points="600,1134 649,1134 649,1199 600,1199"/>
          <TextEquiv>
            <Unicode>de</Unicode>
          </TextEquiv>
        </Word>
        <Word id="Record3_Line2_Word2">
          <Property key="category" value="occupation"/>
          <Property key="person" value="wifes_father"/>
          <Coords points="666,1134 785,1134 785,1193 666,1193"/>
          <TextEquiv>
            <Unicode>llana</Unicode>
          </TextEquiv>
        </Word>
        <Word id="Record3_Line2_Word3">
          <Property key="category" value="other"/>
          <Property key="person" value="none"/>
          <Coords points="806,1134 857,1134 857,1190 806,1190"/>
          <TextEquiv>
            <Unicode>de</Unicode>
          </TextEquiv>
        </Word>
        <Word id="Record3_Line2_Word4">
          <Property key="category" value="location"/>
          <Property key="person" value="wifes_father"/>
          <Coords points="874,1099 1029,1099 1029,1204 874,1204"/>
          <TextEquiv>
            <Unicode>Bara</Unicode>
          </TextEquiv>
        </Word>
        <Word id="Record3_Line2_Word5">
          <Property key="category" value="other"/>
          <Property key="person" value="none"/>
          <Coords points="1031,1121 1217,1121 1217,1201 1031,1201"/>
          <TextEquiv>
            <Unicode>defunct</Unicode>
          </TextEquiv>
        </Word>
        <Word id="Record3_Line2_Word6">
          <Property key="category" value="other"/>
          <Property key="person" value="none"/>
          <Coords points="1216,1139 1277,1139 1277,1210 1216,1210"/>
          <TextEquiv>
            <Unicode>y</Unicode>
          </TextEquiv>
        </Word>
        <Word id="Record3_Line2_Word7">
          <Property key="category" value="other"/>
          <Property key="person" value="none"/>
          <Coords points="1277,1115 1339,1115 1339,1191 1277,1191"/>
          <TextEquiv>
            <Unicode>de</Unicode>
          </TextEquiv>
        </Word>
        <Word id="Record3_Line2_Word8">
          <Property key="category" value="name"/>
          <Property key="person" value="wifes_mother"/>
          <Coords points="1338,1107 1522,1107 1522,1210 1338,1210"/>
          <TextEquiv>
            <Unicode>Juana</Unicode>
          </TextEquiv>
        </Word>
      </TextLine>
    </TextRegion>
    <TextRegion id="Record4">
      <Coords points="0,0 0,0"/>
      <TextLine id="Record4_Line0">
        <Coords points="0,0 0,0"/>
        <Word id="Record4_Line0_Word0">
          <Property key="category" value="other"/>
          <Property key="person" value="none"/>
          <Coords points="422,1226 486,1226 486,1290 422,1290"/>
          <TextEquiv>
            <Unicode>dit</Unicode>
          </TextEquiv>
        </Word>
        <Word id="Record4_Line0_Word1">
          <Property key="category" value="other"/>
          <Property key="person" value="none"/>
          <Coords points="494,1223 567,1223 567,1285 494,1285"/>
          <TextEquiv>
            <Unicode>dia</Unicode>
          </TextEquiv>
        </Word>
        <Word id="Record4_Line0_Word2">
          <Property key="category" value="other"/>
          <Property key="person" value="none"/>
          <Coords points="573,1216 709,1216 709,1288 573,1288"/>
          <TextEquiv>
            <Unicode>rebere</Unicode>
          </TextEquiv>
        </Word>
        <Word id="Record4_Line0_Word3">
          <Property key="category" value="other"/>
          <Property key="person" value="none"/>
          <Coords points="720,1225 766,1225 766,1286 720,1286"/>
          <TextEquiv>
            <Unicode>de</Unicode>
          </TextEquiv>
        </Word>
        <Word id="Record4_Line0_Word4">
          <Property key="category" value="name"/>
          <Property key="person" value="husband"/>
          <Coords points="759,1223 893,1223 893,1310 759,1310"/>
          <TextEquiv>
            <Unicode>Juan</Unicode>
          </TextEquiv>
        </Word>
        <Word id="Record4_Line0_Word5">
          <Property key="category" value="surname"/>
          <Property key="person" value="husband"/>
          <Coords points="906,1198 1070,1198 1070,1279 906,1279"/>
          <TextEquiv>
            <Unicode>Boneu</Unicode>
          </TextEquiv>
        </Word>
        <Word id="Record4_Line0_Word6">
          <Property key="category" value="occupation"/>
          <Property key="person" value="husband"/>
          <Coords points="1084,1207 1242,1207 1242,1270 1084,1270"/>
          <TextEquiv>
            <Unicode>hortola</Unicode>
          </TextEquiv>
        </Word>
        <Word id="Record4_Line0_Word7">
          <Property key="category" value="other"/>
          <Property key="person" value="none"/>
          <Coords points="1261,1210 1309,1210 1309,1272 1261,1272"/>
          <TextEquiv>
            <Unicode>de</Unicode>
          </TextEquiv>
        </Word>
        <Word id="Record4_Line0_Word8">
          <Property key="category" value="location"/>
          <Property key="person" value="husband"/>
          <Coords points="1318,1207 1576,1207 1576,1303 1318,1303"/>
          <TextEquiv>
            <Unicode>Sparaguera</Unicode>
          </TextEquiv>
        </Word>
        <Word id="Record4_Line0_Word9">
          <Property key="category" value="other"/>
          <Property key="person" value="none"/>
          <Coords points="1589,1191 1793,1191 1793,1265 1589,1265"/>
          <TextEquiv>
            <Unicode>habitant</Unicode>
          </TextEquiv>
        </Word>
        <Word id="Record4_Line0_Word10">
          <Property key="category" value="other"/>
          <Property key="person" value="none"/>
          <Coords points="1793,1219 1852,1219 1852,1256 1793,1256"/>
          <TextEquiv>
            <Unicode>en</Unicode>
          </TextEquiv>
        </Word>
        <Word id="Record4_Line0_Word11">
          <Property key="category" value="location"/>
          <Property key="person" value="husband"/>
          <Coords points="1862,1167 2008,1167 2008,1278 1862,1278"/>
          <TextEquiv>
            <Unicode>Bara</Unicode>
          </TextEquiv>
        </Word>
      </TextLine>
      <TextLine id="Record4_Line1">
        <Coords points="0,0 0,0"/>
        <Word id="Record4_Line1_Word0">
          <Property key="category" value="other"/>
          <Property key="person" value="none"/>
          <Coords points="412,1314 509,1314 509,1410 412,1410"/>
          <TextEquiv>
            <Unicode>fill</Unicode>
          </TextEquiv>
        </Word>
        <Word id="Record4_Line1_Word1">
          <Property key="category" value="other"/>
          <Property key="person" value="none"/>
          <Coords points="519,1319 569,1319 569,1383 519,1383"/>
          <TextEquiv>
            <Unicode>de</Unicode>
          </TextEquiv>
        </Word>
        <Word id="Record4_Line1_Word2">
          <Property key="category" value="name"/>
          <Property key="person" value="husbands_father"/>
          <Coords points="571,1298 703,1298 703,1408 571,1408"/>
          <TextEquiv>
            <Unicode>Jua</Unicode>
          </TextEquiv>
        </Word>
        <Word id="Record4_Line1_Word3">
          <Property key="category" value="surname"/>
          <Property key="person" value="husbands_father"/>
          <Coords points="715,1285 868,1285 868,1372 715,1372"/>
          <TextEquiv>
            <Unicode>Boneu</Unicode>
          </TextEquiv>
        </Word>
        <Word id="Record4_Line1_Word4">
          <Property key="category" value="occupation"/>
          <Property key="person" value="husbands_father"/>
          <Coords points="879,1327 1058,1327 1058,1406 879,1406"/>
          <TextEquiv>
            <Unicode>parayre</Unicode>
          </TextEquiv>
        </Word>
        <Word id="Record4_Line1_Word5">
          <Property key="category" value="other"/>
          <Property key="person" value="none"/>
          <Coords points="1071,1305 1119,1305 1119,1365 1071,1365"/>
          <TextEquiv>
            <Unicode>de</Unicode>
          </TextEquiv>
        </Word>
        <Word id="Record4_Line1_Word6">
          <Property key="category" value="location"/>
          <Property key="person" value="husbands_father"/>
          <Coords points="1123,1302 1395,1302 1395,1405 1123,1405"/>
          <TextEquiv>
            <Unicode>Sparaguera</Unicode>
          </TextEquiv>
        </Word>
        <Word id="Record4_Line1_Word7">
          <Property key="category" value="other"/>
          <Property key="person" value="none"/>
          <Coords points="1410,1287 1583,1287 1583,1374 1410,1374"/>
          <TextEquiv>
            <Unicode>defunct</Unicode>
          </TextEquiv>
        </Word>
        <Word id="Record4_Line1_Word8">
          <Property key="category" value="other"/>
          <Property key="person" value="none"/>
          <Coords points="1573,1312 1633,1312 1633,1378 1573,1378"/>
          <TextEquiv>
            <Unicode>y</Unicode>
          </TextEquiv>
        </Word>
        <Word id="Record4_Line1_Word9">
          <Property key="category" value="other"/>
          <Property key="person" value="none"/>
          <Coords points="1648,1292 1710,1292 1710,1355 1648,1355"/>
          <TextEquiv>
            <Unicode>de</Unicode>
          </TextEquiv>
        </Word>
        <Word id="Record4_Line1_Word10">
          <Property key="category" value="name"/>
          <Property key="person" value="husbands_mother"/>
          <Coords points="1731,1277 1898,1277 1898,1349 1731,1349"/>
          <TextEquiv>
            <Unicode>Maria</Unicode>
          </TextEquiv>
        </Word>
        <Word id="Record4_Line1_Word11">
          <Property key="category" value="other"/>
          <Property key="person" value="none"/>
          <Coords points="1913,1284 1984,1284 1984,1340 1913,1340"/>
          <TextEquiv>
            <Unicode>ab</Unicode>
          </TextEquiv>
        </Word>
      </TextLine>
      <TextLine id="Record4_Line2">
        <Coords points="0,0 0,0"/>
        <Word id="Record4_Line2_Word0">
          <Property key="category" value="name"/>
          <Property key="person" value="wife"/>
          <Coords points="421,1410 572,1410 572,1483 421,1483"/>
          <TextEquiv>
            <Unicode>Anna</Unicode>
          </TextEquiv>
        </Word>
        <Word id="Record4_Line2_Word1">
          <Property key="category" value="state"/>
          <Property key="person" value="wife"/>
          <Coords points="596,1405 778,1405 778,1504 596,1504"/>
          <TextEquiv>
            <Unicode>donsella</Unicode>
          </TextEquiv>
        </Word>
        <Word id="Record4_Line2_Word2">
          <Property key="category" value="other"/>
          <Property key="person" value="none"/>
          <Coords points="788,1398 916,1398 916,1487 788,1487"/>
          <TextEquiv>
            <Unicode>filla</Unicode>
          </TextEquiv>
        </Word>
        <Word id="Record4_Line2_Word3">
          <Property key="category" value="other"/>
          <Property key="person" value="none"/>
          <Coords points="935,1400 995,1400 995,1467 935,1467"/>
          <TextEquiv>
            <Unicode>de</Unicode>
          </TextEquiv>
        </Word>
        <Word id="Record4_Line2_Word4">
          <Property key="category" value="name"/>
          <Property key="person" value="wifes_father"/>
          <Coords points="1010,1384 1187,1384 1187,1463 1010,1463"/>
          <TextEquiv>
            <Unicode>Antoni</Unicode>
          </TextEquiv>
        </Word>
        <Word id="Record4_Line2_Word5">
          <Property key="category" value="surname"/>
          <Property key="person" value="wifes_father"/>
          <Coords points="1204,1385 1429,1385 1429,1487 1204,1487"/>
          <TextEquiv>
            <Unicode>Cassanyes</Unicode>
          </TextEquiv>
        </Word>
        <Word id="Record4_Line2_Word6">
          <Property key="category" value="occupation"/>
          <Property key="person" value="wifes_father"/>
          <Coords points="1439,1385 1617,1385 1617,1485 1439,1485"/>
          <TextEquiv>
            <Unicode>traginer</Unicode>
          </TextEquiv>
        </Word>
        <Word id="Record4_Line2_Word7">
          <Property key="category" value="occupation"/>
          <Property key="person" value="wifes_father"/>
          <Coords points="1629,1377 1678,1377 1678,1442 1629,1442"/>
          <TextEquiv>
            <Unicode>de</Unicode>
          </TextEquiv>
        </Word>
        <Word id="Record4_Line2_Word8">
          <Property key="category" value="occupation"/>
          <Property key="person" value="wifes_father"/>
          <Coords points="1680,1396 1800,1396 1800,1444 1680,1444"/>
          <TextEquiv>
            <Unicode>mar</Unicode>
          </TextEquiv>
        </Word>
        <Word id="Record4_Line2_Word9">
          <Property key="category" value="other"/>
          <Property key="person" value="none"/>
          <Coords points="1811,1380 1992,1380 1992,1467 1811,1467"/>
          <TextEquiv>
            <Unicode>defunct</Unicode>
          </TextEquiv>
        </Word>
      </TextLine>
      <TextLine id="Record4_Line3">
        <Coords points="0,0 0,0"/>
        <Word id="Record4_Line3_Word0">
          <Property key="category" value="other"/>
          <Property key="person" value="none"/>
          <Coords points="399,1530 461,1530 461,1599 399,1599"/>
          <TextEquiv>
            <Unicode>y</Unicode>
          </TextEquiv>
        </Word>
        <Word id="Record4_Line3_Word1">
          <Property key="category" value="other"/>
          <Property key="person" value="none"/>
          <Coords points="473,1513 522,1513 522,1571 473,1571"/>
          <TextEquiv>
            <Unicode>de</Unicode>
          </TextEquiv>
        </Word>
        <Word id="Record4_Line3_Word2">
          <Property key="category" value="name"/>
          <Property key="person" value="wifes_mother"/>
          <Coords points="528,1500 712,1500 712,1599 528,1599"/>
          <TextEquiv>
            <Unicode>Juana</Unicode>
          </TextEquiv>
        </Word>
      </TextLine>
    </TextRegion>
    <TextRegion id="Record5">
      <Coords points="0,0 0,0"/>
      <TextLine id="Record5_Line0">
        <Coords points="0,0 0,0"/>
        <Word id="Record5_Line0_Word0">
          <Property key="category" value="other"/>
          <Property key="person" value="none"/>
          <Coords points="424,1590 576,1590 576,1657 424,1657"/>
          <TextEquiv>
            <Unicode>dilluns</Unicode>
          </TextEquiv>
        </Word>
        <Word id="Record5_Line0_Word1">
          <Property key="category" value="other"/>
          <Property key="person" value="none"/>
          <Coords points="593,1611 628,1611 628,1648 593,1648"/>
          <TextEquiv>
            <Unicode>a</Unicode>
          </TextEquiv>
        </Word>
        <Word id="Record5_Line0_Word2">
          <Property key="category" value="other"/>
          <Property key="person" value="none"/>
          <Coords points="638,1598 701,1598 701,1646 638,1646"/>
          <TextEquiv>
            <Unicode>21</Unicode>
          </TextEquiv>
        </Word>
        <Word id="Record5_Line0_Word3">
          <Property key="category" value="other"/>
          <Property key="person" value="none"/>
          <Coords points="725,1573 861,1573 861,1642 725,1642"/>
          <TextEquiv>
            <Unicode>rebere</Unicode>
          </TextEquiv>
        </Word>
        <Word id="Record5_Line0_Word4">
          <Property key="category" value="other"/>
          <Property key="person" value="none"/>
          <Coords points="874,1579 922,1579 922,1639 874,1639"/>
          <TextEquiv>
            <Unicode>de</Unicode>
          </TextEquiv>
        </Word>
        <Word id="Record5_Line0_Word5">
          <Property key="category" value="name"/>
          <Property key="person" value="husband"/>
          <Coords points="942,1559 1104,1559 1104,1639 942,1639"/>
          <TextEquiv>
            <Unicode>Narcis</Unicode>
          </TextEquiv>
        </Word>
        <Word id="Record5_Line0_Word6">
          <Property key="category" value="surname"/>
          <Property key="person" value="husband"/>
          <Coords points="1123,1539 1224,1539 1224,1628 1123,1628"/>
          <TextEquiv>
            <Unicode>Pou</Unicode>
          </TextEquiv>
        </Word>
        <Word id="Record5_Line0_Word7">
          <Property key="category" value="occupation"/>
          <Property key="person" value="husband"/>
          <Coords points="1229,1575 1357,1575 1357,1662 1229,1662"/>
          <TextEquiv>
            <Unicode>pages</Unicode>
          </TextEquiv>
        </Word>
        <Word id="Record5_Line0_Word8">
          <Property key="category" value="other"/>
          <Property key="person" value="none"/>
          <Coords points="1371,1559 1425,1559 1425,1624 1371,1624"/>
          <TextEquiv>
            <Unicode>de</Unicode>
          </TextEquiv>
        </Word>
        <Word id="Record5_Line0_Word9">
          <Property key="category" value="location"/>
          <Property key="person" value="husband"/>
          <Coords points="1428,1548 1665,1548 1665,1646 1428,1646"/>
          <TextEquiv>
            <Unicode>Vilamajor</Unicode>
          </TextEquiv>
        </Word>
        <Word id="Record5_Line0_Word10">
          <Property key="category" value="other"/>
          <Property key="person" value="none"/>
          <Coords points="1657,1541 1766,1541 1766,1635 1657,1635"/>
          <TextEquiv>
            <Unicode>fill</Unicode>
          </TextEquiv>
        </Word>
        <Word id="Record5_Line0_Word11">
          <Property key="category" value="other"/>
          <Property key="person" value="none"/>
          <Coords points="1763,1552 1812,1552 1812,1610 1763,1610"/>
          <TextEquiv>
            <Unicode>de</Unicode>
          </TextEquiv>
        </Word>
        <Word id="Record5_Line0_Word12">
          <Property key="category" value="name"/>
          <Property key="person" value="husbands_father"/>
          <Coords points="1822,1522 1954,1522 1954,1608 1822,1608"/>
          <TextEquiv>
            <Unicode>Pere</Unicode>
          </TextEquiv>
        </Word>
      </TextLine>
      <TextLine id="Record5_Line1">
        <Coords points="0,0 0,0"/>
        <Word id="Record5_Line1_Word0">
          <Property key="category" value="surname"/>
          <Property key="person" value="husbands_father"/>
          <Coords points="428,1657 522,1657 522,1746 428,1746"/>
          <TextEquiv>
            <Unicode>Pou</Unicode>
          </TextEquiv>
        </Word>
        <Word id="Record5_Line1_Word1">
          <Property key="category" value="occupation"/>
          <Property key="person" value="husbands_father"/>
          <Coords points="535,1672 678,1672 678,1773 535,1773"/>
          <TextEquiv>
            <Unicode>pages</Unicode>
          </TextEquiv>
        </Word>
        <Word id="Record5_Line1_Word2">
          <Property key="category" value="other"/>
          <Property key="person" value="none"/>
          <Coords points="679,1681 732,1681 732,1734 679,1734"/>
          <TextEquiv>
            <Unicode>de</Unicode>
          </TextEquiv>
        </Word>
        <Word id="Record5_Line1_Word3">
          <Property key="category" value="location"/>
          <Property key="person" value="husbands_father"/>
          <Coords points="734,1659 959,1659 959,1764 734,1764"/>
          <TextEquiv>
            <Unicode>Vilamajor</Unicode>
          </TextEquiv>
        </Word>
        <Word id="Record5_Line1_Word4">
          <Property key="category" value="other"/>
          <Property key="person" value="none"/>
          <Coords points="953,1690 1013,1690 1013,1757 953,1757"/>
          <TextEquiv>
            <Unicode>y</Unicode>
          </TextEquiv>
        </Word>
        <Word id="Record5_Line1_Word5">
          <Property key="category" value="other"/>
          <Property key="person" value="none"/>
          <Coords points="1034,1666 1083,1666 1083,1730 1034,1730"/>
          <TextEquiv>
            <Unicode>de</Unicode>
          </TextEquiv>
        </Word>
        <Word id="Record5_Line1_Word6">
          <Property key="category" value="name"/>
          <Property key="person" value="husbands_mother"/>
          <Coords points="1100,1648 1354,1648 1354,1748 1100,1748"/>
          <TextEquiv>
            <Unicode>Margarida</Unicode>
          </TextEquiv>
        </Word>
        <Word id="Record5_Line1_Word7">
          <Property key="category" value="other"/>
          <Property key="person" value="none"/>
          <Coords points="1376,1638 1558,1638 1558,1724 1376,1724"/>
          <TextEquiv>
            <Unicode>defuncts</Unicode>
          </TextEquiv>
        </Word>
        <Word id="Record5_Line1_Word8">
          <Property key="category" value="other"/>
          <Property key="person" value="none"/>
          <Coords points="1580,1640 1655,1640 1655,1712 1580,1712"/>
          <TextEquiv>
            <Unicode>ab</Unicode>
          </TextEquiv>
        </Word>
        <Word id="Record5_Line1_Word9">
          <Property key="category" value="name"/>
          <Property key="person" value="wife"/>
          <Coords points="1662,1634 1850,1634 1850,1739 1662,1739"/>
          <TextEquiv>
            <Unicode>Sperasa</Unicode>
          </TextEquiv>
        </Word>
        <Word id="Record5_Line1_Word10">
          <Property key="category" value="other"/>
          <Property key="person" value="none"/>
          <Coords points="1862,1638 1970,1638 1970,1707 1862,1707"/>
          <TextEquiv>
            <Unicode>don=</Unicode>
          </TextEquiv>
        </Word>
      </TextLine>
      <TextLine id="Record5_Line2">
        <Coords points="0,0 0,0"/>
        <Word id="Record5_Line2_Word0">
          <Property key="category" value="other"/>
          <Property key="person" value="none"/>
          <Coords points="415,1774 534,1774 534,1853 415,1853"/>
          <TextEquiv>
            <Unicode>sella</Unicode>
          </TextEquiv>
        </Word>
        <Word id="Record5_Line2_Word1">
          <Property key="category" value="other"/>
          <Property key="person" value="none"/>
          <Coords points="537,1765 655,1765 655,1850 537,1850"/>
          <TextEquiv>
            <Unicode>filla</Unicode>
          </TextEquiv>
        </Word>
        <Word id="Record5_Line2_Word2">
          <Property key="category" value="other"/>
          <Property key="person" value="none"/>
          <Coords points="671,1766 721,1766 721,1834 671,1834"/>
          <TextEquiv>
            <Unicode>de</Unicode>
          </TextEquiv>
        </Word>
        <Word id="Record5_Line2_Word3">
          <Property key="category" value="name"/>
          <Property key="person" value="wifes_father"/>
          <Coords points="725,1768 888,1768 888,1861 725,1861"/>
          <TextEquiv>
            <Unicode>jaume</Unicode>
          </TextEquiv>
        </Word>
        <Word id="Record5_Line2_Word4">
          <Property key="category" value="surname"/>
          <Property key="person" value="wifes_father"/>
          <Coords points="912,1750 1078,1750 1078,1859 912,1859"/>
          <TextEquiv>
            <Unicode>Spital</Unicode>
          </TextEquiv>
        </Word>
        <Word id="Record5_Line2_Word5">
          <Property key="category" value="occupation"/>
          <Property key="person" value="wifes_father"/>
          <Coords points="1093,1752 1230,1752 1230,1841 1093,1841"/>
          <TextEquiv>
            <Unicode>sastre</Unicode>
          </TextEquiv>
        </Word>
        <Word id="Record5_Line2_Word6">
          <Property key="category" value="other"/>
          <Property key="person" value="none"/>
          <Coords points="1243,1750 1294,1750 1294,1814 1243,1814"/>
          <TextEquiv>
            <Unicode>de</Unicode>
          </TextEquiv>
        </Word>
        <Word id="Record5_Line2_Word7">
          <Property key="category" value="location"/>
          <Property key="person" value="wifes_father"/>
          <Coords points="1315,1741 1488,1741 1488,1817 1315,1817"/>
          <TextEquiv>
            <Unicode>Canoves</Unicode>
          </TextEquiv>
        </Word>
        <Word id="Record5_Line2_Word8">
          <Property key="category" value="other"/>
          <Property key="person" value="none"/>
          <Coords points="1474,1763 1536,1763 1536,1832 1474,1832"/>
          <TextEquiv>
            <Unicode>#</Unicode>
          </TextEquiv>
        </Word>
        <Word id="Record5_Line2_Word9">
          <Property key="category" value="other"/>
          <Property key="person" value="none"/>
          <Coords points="1548,1741 1717,1741 1717,1821 1548,1821"/>
          <TextEquiv>
            <Unicode>defunct</Unicode>
          </TextEquiv>
        </Word>
        <Word id="Record5_Line2_Word10">
          <Property key="category" value="other"/>
          <Property key="person" value="none"/>
          <Coords points="1697,1765 1762,1765 1762,1827 1697,1827"/>
          <TextEquiv>
            <Unicode>y</Unicode>
          </TextEquiv>
        </Word>
        <Word id="Record5_Line2_Word11">
          <Property key="category" value="other"/>
          <Property key="person" value="none"/>
          <Coords points="1777,1740 1825,1740 1825,1803 1777,1803"/>
          <TextEquiv>
            <Unicode>de</Unicode>
          </TextEquiv>
        </Word>
        <Word id="Record5_Line2_Word12">
          <Property key="category" value="name"/>
          <Property key="person" value="wifes_mother"/>
          <Coords points="1811,1715 2019,1715 2019,1830 1811,1830"/>
          <TextEquiv>
            <Unicode>fracesca</Unicode>
          </TextEquiv>
        </Word>
      </TextLine>
    </TextRegion>
    <TextRegion id="Record6">
      <Coords points="0,0 0,0"/>
      <TextLine id="Record6_Line0">
        <Coords points="0,0 0,0"/>
        <Word id="Record6_Line0_Word0">
          <Property key="category" value="other"/>
          <Property key="person" value="none"/>
          <Coords points="433,1856 499,1856 499,1916 433,1916"/>
          <TextEquiv>
            <Unicode>dit</Unicode>
          </TextEquiv>
        </Word>
        <Word id="Record6_Line0_Word1">
          <Property key="category" value="other"/>
          <Property key="person" value="none"/>
          <Coords points="510,1861 585,1861 585,1921 510,1921"/>
          <TextEquiv>
            <Unicode>dia</Unicode>
          </TextEquiv>
        </Word>
        <Word id="Record6_Line0_Word2">
          <Property key="category" value="other"/>
          <Property key="person" value="none"/>
          <Coords points="593,1847 712,1847 712,1918 593,1918"/>
          <TextEquiv>
            <Unicode>rebere</Unicode>
          </TextEquiv>
        </Word>
        <Word id="Record6_Line0_Word3">
          <Property key="category" value="other"/>
          <Property key="person" value="none"/>
          <Coords points="727,1852 775,1852 775,1916 727,1916"/>
          <TextEquiv>
            <Unicode>de</Unicode>
          </TextEquiv>
        </Word>
        <Word id="Record6_Line0_Word4">
          <Property key="category" value="name"/>
          <Property key="person" value="husband"/>
          <Coords points="790,1843 943,1843 943,1916 790,1916"/>
          <TextEquiv>
            <Unicode>Antoni</Unicode>
          </TextEquiv>
        </Word>
        <Word id="Record6_Line0_Word5">
          <Property key="category" value="surname"/>
          <Property key="person" value="husband"/>
          <Coords points="962,1845 1161,1845 1161,1936 962,1936"/>
          <TextEquiv>
            <Unicode>Mossach</Unicode>
          </TextEquiv>
        </Word>
        <Word id="Record6_Line0_Word6">
          <Property key="category" value="other"/>
          <Property key="person" value="none"/>
          <Coords points="1137,1860 1198,1860 1198,1921 1137,1921"/>
          <TextEquiv>
            <Unicode>y</Unicode>
          </TextEquiv>
        </Word>
        <Word id="Record6_Line0_Word7">
          <Property key="category" value="surname"/>
          <Property key="person" value="husband"/>
          <Coords points="1202,1831 1282,1831 1282,1936 1202,1936"/>
          <TextEquiv>
            <Unicode>Ugo</Unicode>
          </TextEquiv>
        </Word>
        <Word id="Record6_Line0_Word8">
          <Property key="category" value="occupation"/>
          <Property key="person" value="husband"/>
          <Coords points="1297,1840 1459,1840 1459,1902 1297,1902"/>
          <TextEquiv>
            <Unicode>sabater</Unicode>
          </TextEquiv>
        </Word>
        <Word id="Record6_Line0_Word9">
          <Property key="category" value="other"/>
          <Property key="person" value="none"/>
          <Coords points="1473,1835 1543,1835 1543,1900 1473,1900"/>
          <TextEquiv>
            <Unicode>del</Unicode>
          </TextEquiv>
        </Word>
        <Word id="Record6_Line0_Word10">
          <Property key="category" value="location"/>
          <Property key="person" value="husband"/>
          <Coords points="1544,1849 1674,1849 1674,1927 1544,1927"/>
          <TextEquiv>
            <Unicode>regne</Unicode>
          </TextEquiv>
        </Word>
        <Word id="Record6_Line0_Word11">
          <Property key="category" value="location"/>
          <Property key="person" value="husband"/>
          <Coords points="1693,1829 1744,1829 1744,1893 1693,1893"/>
          <TextEquiv>
            <Unicode>de</Unicode>
          </TextEquiv>
        </Word>
        <Word id="Record6_Line0_Word12">
          <Property key="category" value="location"/>
          <Property key="person" value="husband"/>
          <Coords points="1743,1829 1950,1829 1950,1927 1743,1927"/>
          <TextEquiv>
            <Unicode>fransa</Unicode>
          </TextEquiv>
        </Word>
      </TextLine>
      <TextLine id="Record6_Line1">
        <Coords points="0,0 0,0"/>
        <Word id="Record6_Line1_Word0">
          <Property key="category" value="other"/>
          <Property key="person" value="none"/>
          <Coords points="433,1929 639,1929 639,2007 433,2007"/>
          <TextEquiv>
            <Unicode>habitant</Unicode>
          </TextEquiv>
        </Word>
        <Word id="Record6_Line1_Word1">
          <Property key="category" value="other"/>
          <Property key="person" value="none"/>
          <Coords points="655,1963 716,1963 716,2007 655,2007"/>
          <TextEquiv>
            <Unicode>en</Unicode>
          </TextEquiv>
        </Word>
        <Word id="Record6_Line1_Word2">
          <Property key="category" value="location"/>
          <Property key="person" value="husband"/>
          <Coords points="747,1910 909,1910 909,2016 747,2016"/>
          <TextEquiv>
            <Unicode>Bara</Unicode>
          </TextEquiv>
        </Word>
        <Word id="Record6_Line1_Word3">
          <Property key="category" value="other"/>
          <Property key="person" value="none"/>
          <Coords points="908,1929 985,1929 985,2002 908,2002"/>
          <TextEquiv>
            <Unicode>ab</Unicode>
          </TextEquiv>
        </Word>
        <Word id="Record6_Line1_Word4">
          <Property key="category" value="name"/>
          <Property key="person" value="wife"/>
          <Coords points="1001,1928 1242,1928 1242,2034 1001,2034"/>
          <TextEquiv>
            <Unicode>Stephania</Unicode>
          </TextEquiv>
        </Word>
        <Word id="Record6_Line1_Word5">
          <Property key="category" value="state"/>
          <Property key="person" value="wife"/>
          <Coords points="1252,1929 1398,1929 1398,1993 1252,1993"/>
          <TextEquiv>
            <Unicode>viuda</Unicode>
          </TextEquiv>
        </Word>
        <Word id="Record6_Line1_Word6">
          <Property key="category" value="other"/>
          <Property key="person" value="none"/>
          <Coords points="1423,1935 1475,1935 1475,1997 1423,1997"/>
          <TextEquiv>
            <Unicode>de</Unicode>
          </TextEquiv>
        </Word>
        <Word id="Record6_Line1_Word7">
          <Property key="category" value="name"/>
          <Property key="person" value="other_person"/>
          <Coords points="1491,1929 1648,1929 1648,2025 1491,2025"/>
          <TextEquiv>
            <Unicode>jaume</Unicode>
          </TextEquiv>
        </Word>
        <Word id="Record6_Line1_Word8">
          <Property key="category" value="surname"/>
          <Property key="person" value="other_person"/>
          <Coords points="1672,1911 1809,1911 1809,1984 1672,1984"/>
          <TextEquiv>
            <Unicode>Sans</Unicode>
          </TextEquiv>
        </Word>
        <Word id="Record6_Line1_Word9">
          <Property key="category" value="occupation"/>
          <Property key="person" value="wife"/>
          <Coords points="1817,1911 1986,1911 1986,1980 1817,1980"/>
          <TextEquiv>
            <Unicode>sabater</Unicode>
          </TextEquiv>
        </Word>
      </TextLine>
      <TextLine id="Record6_Line2">
        <Coords points="0,0 0,0"/>
        <Word id="Record6_Line2_Word0">
          <Property key="category" value="other"/>
          <Property key="person" value="none"/>
          <Coords points="426,2048 547,2048 547,2097 426,2097"/>
          <TextEquiv>
            <Unicode>mori</Unicode>
          </TextEquiv>
        </Word>
        <Word id="Record6_Line2_Word1">
          <Property key="category" value="other"/>
          <Property key="person" value="none"/>
          <Coords points="551,2051 628,2051 628,2100 551,2100"/>
          <TextEquiv>
            <Unicode>en</Unicode>
          </TextEquiv>
        </Word>
        <Word id="Record6_Line2_Word2">
          <Property key="category" value="location"/>
          <Property key="person" value="wife"/>
          <Coords points="645,2022 814,2022 814,2097 645,2097"/>
          <TextEquiv>
            <Unicode>Molin</Unicode>
          </TextEquiv>
        </Word>
        <Word id="Record6_Line2_Word3">
          <Property key="category" value="location"/>
          <Property key="person" value="wife"/>
          <Coords points="827,2028 875,2028 875,2097 827,2097"/>
          <TextEquiv>
            <Unicode>de</Unicode>
          </TextEquiv>
        </Word>
        <Word id="Record6_Line2_Word4">
          <Property key="category" value="location"/>
          <Property key="person" value="wife"/>
          <Coords points="887,2044 972,2044 972,2115 887,2115"/>
          <TextEquiv>
            <Unicode>rey</Unicode>
          </TextEquiv>
        </Word>
      </TextLine>
    </TextRegion>
    <TextRegion id="Record7">
      <Coords points="0,0 0,0"/>
      <TextLine id="Record7_Line0">
        <Coords points="0,0 0,0"/>
        <Word id="Record7_Line0_Word0">
          <Property key="category" value="other"/>
          <Property key="person" value="none"/>
          <Coords points="422,2124 597,2124 597,2192 422,2192"/>
          <TextEquiv>
            <Unicode>dimecres</Unicode>
          </TextEquiv>
        </Word>
        <Word id="Record7_Line0_Word1">
          <Property key="category" value="other"/>
          <Property key="person" value="none"/>
          <Coords points="601,2150 645,2150 645,2188 601,2188"/>
          <TextEquiv>
            <Unicode>a</Unicode>
          </TextEquiv>
        </Word>
        <Word id="Record7_Line0_Word2">
          <Property key="category" value="other"/>
          <Property key="person" value="none"/>
          <Coords points="664,2131 741,2131 741,2199 664,2199"/>
          <TextEquiv>
            <Unicode>23</Unicode>
          </TextEquiv>
        </Word>
        <Word id="Record7_Line0_Word3">
          <Property key="category" value="other"/>
          <Property key="person" value="none"/>
          <Coords points="754,2109 892,2109 892,2187 754,2187"/>
          <TextEquiv>
            <Unicode>rebere</Unicode>
          </TextEquiv>
        </Word>
        <Word id="Record7_Line0_Word4">
          <Property key="category" value="other"/>
          <Property key="person" value="none"/>
          <Coords points="907,2122 959,2122 959,2182 907,2182"/>
          <TextEquiv>
            <Unicode>de</Unicode>
          </TextEquiv>
        </Word>
        <Word id="Record7_Line0_Word5">
          <Property key="category" value="name"/>
          <Property key="person" value="husband"/>
          <Coords points="976,2098 1164,2098 1164,2183 976,2183"/>
          <TextEquiv>
            <Unicode>Bertran</Unicode>
          </TextEquiv>
        </Word>
        <Word id="Record7_Line0_Word6">
          <Property key="category" value="surname"/>
          <Property key="person" value="husband"/>
          <Coords points="1170,2099 1336,2099 1336,2191 1170,2191"/>
          <TextEquiv>
            <Unicode>faura</Unicode>
          </TextEquiv>
        </Word>
        <Word id="Record7_Line0_Word7">
          <Property key="category" value="occupation"/>
          <Property key="person" value="husband"/>
          <Coords points="1340,2107 1473,2107 1473,2199 1340,2199"/>
          <TextEquiv>
            <Unicode>pages</Unicode>
          </TextEquiv>
        </Word>
        <Word id="Record7_Line0_Word8">
          <Property key="category" value="other"/>
          <Property key="person" value="none"/>
          <Coords points="1484,2098 1540,2098 1540,2163 1484,2163"/>
          <TextEquiv>
            <Unicode>de</Unicode>
          </TextEquiv>
        </Word>
        <Word id="Record7_Line0_Word9">
          <Property key="category" value="location"/>
          <Property key="person" value="husband"/>
          <Coords points="1544,2083 1722,2083 1722,2183 1544,2183"/>
          <TextEquiv>
            <Unicode>fransa</Unicode>
          </TextEquiv>
        </Word>
        <Word id="Record7_Line0_Word10">
          <Property key="category" value="other"/>
          <Property key="person" value="none"/>
          <Coords points="1738,2069 1963,2069 1963,2146 1738,2146"/>
          <TextEquiv>
            <Unicode>habitant</Unicode>
          </TextEquiv>
        </Word>
      </TextLine>
      <TextLine id="Record7_Line1">
        <Coords points="0,0 0,0"/>
        <Word id="Record7_Line1_Word0">
          <Property key="category" value="other"/>
          <Property key="person" value="none"/>
          <Coords points="424,2230 480,2230 480,2280 424,2280"/>
          <TextEquiv>
            <Unicode>en</Unicode>
          </TextEquiv>
        </Word>
        <Word id="Record7_Line1_Word1">
          <Property key="category" value="location"/>
          <Property key="person" value="husband"/>
          <Coords points="491,2211 540,2211 540,2276 491,2276"/>
          <TextEquiv>
            <Unicode>lo</Unicode>
          </TextEquiv>
        </Word>
        <Word id="Record7_Line1_Word2">
          <Property key="category" value="location"/>
          <Property key="person" value="husband"/>
          <Coords points="561,2186 681,2186 681,2281 561,2281"/>
          <TextEquiv>
            <Unicode>Prat</Unicode>
          </TextEquiv>
        </Word>
        <Word id="Record7_Line1_Word3">
          <Property key="category" value="other"/>
          <Property key="person" value="none"/>
          <Coords points="688,2206 767,2206 767,2278 688,2278"/>
          <TextEquiv>
            <Unicode>ab</Unicode>
          </TextEquiv>
        </Word>
        <Word id="Record7_Line1_Word4">
          <Property key="category" value="name"/>
          <Property key="person" value="wife"/>
          <Coords points="755,2210 916,2210 916,2303 755,2303"/>
          <TextEquiv>
            <Unicode>Juana</Unicode>
          </TextEquiv>
        </Word>
        <Word id="Record7_Line1_Word5">
          <Property key="category" value="other"/>
          <Property key="person" value="none"/>
          <Coords points="932,2208 1110,2208 1110,2298 932,2298"/>
          <TextEquiv>
            <Unicode>#</Unicode>
          </TextEquiv>
        </Word>
        <Word id="Record7_Line1_Word6">
          <Property key="category" value="surname"/>
          <Property key="person" value="wife"/>
          <Coords points="1127,2186 1330,2186 1330,2264 1127,2264"/>
          <TextEquiv>
            <Unicode>Ritoreta</Unicode>
          </TextEquiv>
        </Word>
        <Word id="Record7_Line1_Word7">
          <Property key="category" value="other"/>
          <Property key="person" value="none"/>
          <Coords points="1350,2198 1410,2198 1410,2261 1350,2261"/>
          <TextEquiv>
            <Unicode>de</Unicode>
          </TextEquiv>
        </Word>
        <Word id="Record7_Line1_Word8">
          <Property key="category" value="location"/>
          <Property key="person" value="wife"/>
          <Coords points="1407,2187 1597,2187 1597,2274 1407,2274"/>
          <TextEquiv>
            <Unicode>fransa</Unicode>
          </TextEquiv>
        </Word>
        <Word id="Record7_Line1_Word9">
          <Property key="category" value="state"/>
          <Property key="person" value="wife"/>
          <Coords points="1604,2174 1794,2174 1794,2271 1604,2271"/>
          <TextEquiv>
            <Unicode>donsella</Unicode>
          </TextEquiv>
        </Word>
        <Word id="Record7_Line1_Word10">
          <Property key="category" value="other"/>
          <Property key="person" value="none"/>
          <Coords points="1810,2148 1985,2148 1985,2235 1810,2235"/>
          <TextEquiv>
            <Unicode>habitat</Unicode>
          </TextEquiv>
        </Word>
      </TextLine>
      <TextLine id="Record7_Line2">
        <Coords points="0,0 0,0"/>
        <Word id="Record7_Line2_Word0">
          <Property key="category" value="other"/>
          <Property key="person" value="none"/>
          <Coords points="420,2326 475,2326 475,2379 420,2379"/>
          <TextEquiv>
            <Unicode>en</Unicode>
          </TextEquiv>
        </Word>
        <Word id="Record7_Line2_Word1">
          <Property key="category" value="location"/>
          <Property key="person" value="wife"/>
          <Coords points="493,2301 580,2301 580,2370 493,2370"/>
          <TextEquiv>
            <Unicode>dita</Unicode>
          </TextEquiv>
        </Word>
        <Word id="Record7_Line2_Word2">
          <Property key="category" value="location"/>
          <Property key="person" value="wife"/>
          <Coords points="584,2294 830,2294 830,2410 584,2410"/>
          <TextEquiv>
            <Unicode>parrochia</Unicode>
          </TextEquiv>
        </Word>
      </TextLine>
    </TextRegion>
    <TextRegion id="Record8">
      <Coords points="0,0 0,0"/>
      <TextLine id="Record8_Line0">
        <Coords points="0,0 0,0"/>
        <Word id="Record8_Line0_Word0">
          <Property key="category" value="other"/>
          <Property key="person" value="none"/>
          <Coords points="424,2398 490,2398 490,2461 424,2461"/>
          <TextEquiv>
            <Unicode>dit</Unicode>
          </TextEquiv>
        </Word>
        <Word id="Record8_Line0_Word1">
          <Property key="category" value="other"/>
          <Property key="person" value="none"/>
          <Coords points="494,2400 569,2400 569,2458 494,2458"/>
          <TextEquiv>
            <Unicode>dia</Unicode>
          </TextEquiv>
        </Word>
        <Word id="Record8_Line0_Word2">
          <Property key="category" value="other"/>
          <Property key="person" value="none"/>
          <Coords points="584,2378 715,2378 715,2454 584,2454"/>
          <TextEquiv>
            <Unicode>rebere</Unicode>
          </TextEquiv>
        </Word>
        <Word id="Record8_Line0_Word3">
          <Property key="category" value="other"/>
          <Property key="person" value="none"/>
          <Coords points="735,2392 784,2392 784,2453 735,2453"/>
          <TextEquiv>
            <Unicode>de</Unicode>
          </TextEquiv>
        </Word>
        <Word id="Record8_Line0_Word4">
          <Property key="category" value="name"/>
          <Property key="person" value="husband"/>
          <Coords points="786,2375 1014,2375 1014,2478 786,2478"/>
          <TextEquiv>
            <Unicode>francesch</Unicode>
          </TextEquiv>
        </Word>
        <Word id="Record8_Line0_Word5">
          <Property key="category" value="surname"/>
          <Property key="person" value="husband"/>
          <Coords points="1027,2371 1202,2371 1202,2446 1027,2446"/>
          <TextEquiv>
            <Unicode>Lloberes</Unicode>
          </TextEquiv>
        </Word>
        <Word id="Record8_Line0_Word6">
          <Property key="category" value="occupation"/>
          <Property key="person" value="husband"/>
          <Coords points="1218,2364 1480,2364 1480,2463 1218,2463"/>
          <TextEquiv>
            <Unicode>assahonador</Unicode>
          </TextEquiv>
        </Word>
        <Word id="Record8_Line0_Word7">
          <Property key="category" value="other"/>
          <Property key="person" value="none"/>
          <Coords points="1493,2350 1696,2350 1696,2425 1493,2425"/>
          <TextEquiv>
            <Unicode>habitant</Unicode>
          </TextEquiv>
        </Word>
        <Word id="Record8_Line0_Word8">
          <Property key="category" value="other"/>
          <Property key="person" value="none"/>
          <Coords points="1704,2376 1760,2376 1760,2422 1704,2422"/>
          <TextEquiv>
            <Unicode>en</Unicode>
          </TextEquiv>
        </Word>
        <Word id="Record8_Line0_Word9">
          <Property key="category" value="location"/>
          <Property key="person" value="husband"/>
          <Coords points="1785,2318 1944,2318 1944,2442 1785,2442"/>
          <TextEquiv>
            <Unicode>Bara</Unicode>
          </TextEquiv>
        </Word>
      </TextLine>
      <TextLine id="Record8_Line1">
        <Coords points="0,0 0,0"/>
        <Word id="Record8_Line1_Word0">
          <Property key="category" value="other"/>
          <Property key="person" value="none"/>
          <Coords points="420,2472 514,2472 514,2561 420,2561"/>
          <TextEquiv>
            <Unicode>fill</Unicode>
          </TextEquiv>
        </Word>
        <Word id="Record8_Line1_Word1">
          <Property key="category" value="other"/>
          <Property key="person" value="none"/>
          <Coords points="524,2477 573,2477 573,2538 524,2538"/>
          <TextEquiv>
            <Unicode>de</Unicode>
          </TextEquiv>
        </Word>
        <Word id="Record8_Line1_Word2">
          <Property key="category" value="name"/>
          <Property key="person" value="husbands_father"/>
          <Coords points="570,2481 707,2481 707,2569 570,2569"/>
          <TextEquiv>
            <Unicode>Juan</Unicode>
          </TextEquiv>
        </Word>
        <Word id="Record8_Line1_Word3">
          <Property key="category" value="surname"/>
          <Property key="person" value="husbands_father"/>
          <Coords points="728,2460 927,2460 927,2540 728,2540"/>
          <TextEquiv>
            <Unicode>Lloberas</Unicode>
          </TextEquiv>
        </Word>
        <Word id="Record8_Line1_Word4">
          <Property key="category" value="occupation"/>
          <Property key="person" value="husbands_father"/>
          <Coords points="934,2475 1052,2475 1052,2561 934,2561"/>
          <TextEquiv>
            <Unicode>pages</Unicode>
          </TextEquiv>
        </Word>
        <Word id="Record8_Line1_Word5">
          <Property key="category" value="other"/>
          <Property key="person" value="none"/>
          <Coords points="1068,2472 1112,2472 1112,2526 1068,2526"/>
          <TextEquiv>
            <Unicode>de</Unicode>
          </TextEquiv>
        </Word>
        <Word id="Record8_Line1_Word6">
          <Property key="category" value="location"/>
          <Property key="person" value="husbands_father"/>
          <Coords points="1121,2445 1196,2445 1196,2523 1121,2523"/>
          <TextEquiv>
            <Unicode>St</Unicode>
          </TextEquiv>
        </Word>
        <Word id="Record8_Line1_Word7">
          <Property key="category" value="location"/>
          <Property key="person" value="husbands_father"/>
          <Coords points="1175,2455 1277,2455 1277,2559 1175,2559"/>
          <TextEquiv>
            <Unicode>Iga</Unicode>
          </TextEquiv>
        </Word>
        <Word id="Record8_Line1_Word8">
          <Property key="category" value="other"/>
          <Property key="person" value="none"/>
          <Coords points="1271,2482 1332,2482 1332,2544 1271,2544"/>
          <TextEquiv>
            <Unicode>y</Unicode>
          </TextEquiv>
        </Word>
        <Word id="Record8_Line1_Word9">
          <Property key="category" value="other"/>
          <Property key="person" value="none"/>
          <Coords points="1340,2457 1392,2457 1392,2516 1340,2516"/>
          <TextEquiv>
            <Unicode>de</Unicode>
          </TextEquiv>
        </Word>
        <Word id="Record8_Line1_Word10">
          <Property key="category" value="name"/>
          <Property key="person" value="husbands_mother"/>
          <Coords points="1402,2438 1670,2438 1670,2535 1402,2535"/>
          <TextEquiv>
            <Unicode>Magdalena</Unicode>
          </TextEquiv>
        </Word>
        <Word id="Record8_Line1_Word11">
          <Property key="category" value="other"/>
          <Property key="person" value="none"/>
          <Coords points="1676,2445 1875,2445 1875,2528 1676,2528"/>
          <TextEquiv>
            <Unicode>defuncts</Unicode>
          </TextEquiv>
        </Word>
        <Word id="Record8_Line1_Word12">
          <Property key="category" value="other"/>
          <Property key="person" value="none"/>
          <Coords points="1886,2436 1961,2436 1961,2506 1886,2506"/>
          <TextEquiv>
            <Unicode>ab</Unicode>
          </TextEquiv>
        </Word>
      </TextLine>
      <TextLine id="Record8_Line2">
        <Coords points="0,0 0,0"/>
        <Word id="Record8_Line2_Word0">
          <Property key="category" value="name"/>
          <Property key="person" value="wife"/>
          <Coords points="419,2570 679,2570 679,2638 419,2638"/>
          <TextEquiv>
            <Unicode>Marianna</Unicode>
          </TextEquiv>
        </Word>
        <Word id="Record8_Line2_Word1">
          <Property key="category" value="state"/>
          <Property key="person" value="wife"/>
          <Coords points="695,2565 879,2565 879,2653 695,2653"/>
          <TextEquiv>
            <Unicode>donsella</Unicode>
          </TextEquiv>
        </Word>
        <Word id="Record8_Line2_Word2">
          <Property key="category" value="other"/>
          <Property key="person" value="none"/>
          <Coords points="883,2560 1012,2560 1012,2660 883,2660"/>
          <TextEquiv>
            <Unicode>filla</Unicode>
          </TextEquiv>
        </Word>
        <Word id="Record8_Line2_Word3">
          <Property key="category" value="other"/>
          <Property key="person" value="none"/>
          <Coords points="1030,2568 1083,2568 1083,2626 1030,2626"/>
          <TextEquiv>
            <Unicode>de</Unicode>
          </TextEquiv>
        </Word>
        <Word id="Record8_Line2_Word4">
          <Property key="category" value="name"/>
          <Property key="person" value="wifes_father"/>
          <Coords points="1101,2539 1203,2539 1203,2624 1101,2624"/>
          <TextEquiv>
            <Unicode>Pere</Unicode>
          </TextEquiv>
        </Word>
        <Word id="Record8_Line2_Word5">
          <Property key="category" value="surname"/>
          <Property key="person" value="wifes_father"/>
          <Coords points="1218,2543 1336,2543 1336,2615 1218,2615"/>
          <TextEquiv>
            <Unicode>Tort</Unicode>
          </TextEquiv>
        </Word>
        <Word id="Record8_Line2_Word6">
          <Property key="category" value="occupation"/>
          <Property key="person" value="wifes_father"/>
          <Coords points="1345,2546 1549,2546 1549,2646 1345,2646"/>
          <TextEquiv>
            <Unicode>blanquer</Unicode>
          </TextEquiv>
        </Word>
        <Word id="Record8_Line2_Word7">
          <Property key="category" value="other"/>
          <Property key="person" value="none"/>
          <Coords points="1560,2553 1616,2553 1616,2607 1560,2607"/>
          <TextEquiv>
            <Unicode>de</Unicode>
          </TextEquiv>
        </Word>
        <Word id="Record8_Line2_Word8">
          <Property key="category" value="location"/>
          <Property key="person" value="wifes_father"/>
          <Coords points="1630,2522 1767,2522 1767,2626 1630,2626"/>
          <TextEquiv>
            <Unicode>Bara</Unicode>
          </TextEquiv>
        </Word>
        <Word id="Record8_Line2_Word9">
          <Property key="category" value="other"/>
          <Property key="person" value="none"/>
          <Coords points="1743,2565 1793,2565 1793,2627 1743,2627"/>
          <TextEquiv>
            <Unicode>y</Unicode>
          </TextEquiv>
        </Word>
        <Word id="Record8_Line2_Word10">
          <Property key="category" value="other"/>
          <Property key="person" value="none"/>
          <Coords points="1802,2544 1849,2544 1849,2605 1802,2605"/>
          <TextEquiv>
            <Unicode>de</Unicode>
          </TextEquiv>
        </Word>
        <Word id="Record8_Line2_Word11">
          <Property key="category" value="name"/>
          <Property key="person" value="wifes_mother"/>
          <Coords points="1845,2537 2001,2537 2001,2633 1845,2633"/>
          <TextEquiv>
            <Unicode>juana</Unicode>
          </TextEquiv>
        </Word>
      </TextLine>
    </TextRegion>
    <TextRegion id="Record9">
      <Coords points="0,0 0,0"/>
      <TextLine id="Record9_Line0">
        <Coords points="0,0 0,0"/>
        <Word id="Record9_Line0_Word0">
          <Property key="category" value="other"/>
          <Property key="person" value="none"/>
          <Coords points="424,2652 557,2652 557,2753 424,2753"/>
          <TextEquiv>
            <Unicode>dijous</Unicode>
          </TextEquiv>
        </Word>
        <Word id="Record9_Line0_Word1">
          <Property key="category" value="other"/>
          <Property key="person" value="none"/>
          <Coords points="573,2678 612,2678 612,2723 573,2723"/>
          <TextEquiv>
            <Unicode>a</Unicode>
          </TextEquiv>
        </Word>
        <Word id="Record9_Line0_Word2">
          <Property key="category" value="other"/>
          <Property key="person" value="none"/>
          <Coords points="627,2673 714,2673 714,2730 627,2730"/>
          <TextEquiv>
            <Unicode>24</Unicode>
          </TextEquiv>
        </Word>
        <Word id="Record9_Line0_Word3">
          <Property key="category" value="other"/>
          <Property key="person" value="none"/>
          <Coords points="733,2645 879,2645 879,2720 733,2720"/>
          <TextEquiv>
            <Unicode>rebere</Unicode>
          </TextEquiv>
        </Word>
        <Word id="Record9_Line0_Word4">
          <Property key="category" value="other"/>
          <Property key="person" value="none"/>
          <Coords points="886,2668 932,2668 932,2722 886,2722"/>
          <TextEquiv>
            <Unicode>de</Unicode>
          </TextEquiv>
        </Word>
        <Word id="Record9_Line0_Word5">
          <Property key="category" value="name"/>
          <Property key="person" value="husband"/>
          <Coords points="944,2659 1085,2659 1085,2751 944,2751"/>
          <TextEquiv>
            <Unicode>jaume</Unicode>
          </TextEquiv>
        </Word>
        <Word id="Record9_Line0_Word6">
          <Property key="category" value="surname"/>
          <Property key="person" value="husband"/>
          <Coords points="1098,2633 1277,2633 1277,2719 1098,2719"/>
          <TextEquiv>
            <Unicode>Ramon</Unicode>
          </TextEquiv>
        </Word>
        <Word id="Record9_Line0_Word7">
          <Property key="category" value="occupation"/>
          <Property key="person" value="husband"/>
          <Coords points="1285,2666 1413,2666 1413,2744 1285,2744"/>
          <TextEquiv>
            <Unicode>pages</Unicode>
          </TextEquiv>
        </Word>
        <Word id="Record9_Line0_Word8">
          <Property key="category" value="other"/>
          <Property key="person" value="none"/>
          <Coords points="1424,2647 1477,2647 1477,2706 1424,2706"/>
          <TextEquiv>
            <Unicode>de</Unicode>
          </TextEquiv>
        </Word>
        <Word id="Record9_Line0_Word9">
          <Property key="category" value="location"/>
          <Property key="person" value="husband"/>
          <Coords points="1496,2626 1672,2626 1672,2706 1496,2706"/>
          <TextEquiv>
            <Unicode>dorrius</Unicode>
          </TextEquiv>
        </Word>
        <Word id="Record9_Line0_Word10">
          <Property key="category" value="state"/>
          <Property key="person" value="husband"/>
          <Coords points="1675,2633 1808,2633 1808,2694 1675,2694"/>
          <TextEquiv>
            <Unicode>viudo</Unicode>
          </TextEquiv>
        </Word>
        <Word id="Record9_Line0_Word11">
          <Property key="category" value="other"/>
          <Property key="person" value="none"/>
          <Coords points="1817,2623 1889,2623 1889,2682 1817,2682"/>
          <TextEquiv>
            <Unicode>ab</Unicode>
          </TextEquiv>
        </Word>
        <Word id="Record9_Line0_Word12">
          <Property key="category" value="name"/>
          <Property key="person" value="wife"/>
          <Coords points="1889,2618 2024,2618 2024,2687 1889,2687"/>
          <TextEquiv>
            <Unicode>Mar=</Unicode>
          </TextEquiv>
        </Word>
      </TextLine>
      <TextLine id="Record9_Line1">
        <Coords points="0,0 0,0"/>
        <Word id="Record9_Line1_Word0">
          <Property key="category" value="name"/>
          <Property key="person" value="wife"/>
          <Coords points="400,2758 578,2758 578,2851 400,2851"/>
          <TextEquiv>
            <Unicode>garida</Unicode>
          </TextEquiv>
        </Word>
        <Word id="Record9_Line1_Word1">
          <Property key="category" value="state"/>
          <Property key="person" value="husband"/>
          <Coords points="587,2745 736,2745 736,2813 587,2813"/>
          <TextEquiv>
            <Unicode>viuda</Unicode>
          </TextEquiv>
        </Word>
        <Word id="Record9_Line1_Word2">
          <Property key="category" value="other"/>
          <Property key="person" value="none"/>
          <Coords points="757,2750 813,2750 813,2808 757,2808"/>
          <TextEquiv>
            <Unicode>de</Unicode>
          </TextEquiv>
        </Word>
        <Word id="Record9_Line1_Word3">
          <Property key="category" value="name"/>
          <Property key="person" value="other_person"/>
          <Coords points="821,2752 997,2752 997,2840 821,2840"/>
          <TextEquiv>
            <Unicode>jaume</Unicode>
          </TextEquiv>
        </Word>
        <Word id="Record9_Line1_Word4">
          <Property key="category" value="surname"/>
          <Property key="person" value="other_person"/>
          <Coords points="1022,2729 1166,2729 1166,2825 1022,2825"/>
          <TextEquiv>
            <Unicode>Moyo</Unicode>
          </TextEquiv>
        </Word>
        <Word id="Record9_Line1_Word5">
          <Property key="category" value="occupation"/>
          <Property key="person" value="wife"/>
          <Coords points="1168,2746 1310,2746 1310,2842 1168,2842"/>
          <TextEquiv>
            <Unicode>pages</Unicode>
          </TextEquiv>
        </Word>
        <Word id="Record9_Line1_Word6">
          <Property key="category" value="other"/>
          <Property key="person" value="none"/>
          <Coords points="1321,2738 1370,2738 1370,2799 1321,2799"/>
          <TextEquiv>
            <Unicode>de</Unicode>
          </TextEquiv>
        </Word>
        <Word id="Record9_Line1_Word7">
          <Property key="category" value="location"/>
          <Property key="person" value="wife"/>
          <Coords points="1379,2709 1647,2709 1647,2833 1379,2833"/>
          <TextEquiv>
            <Unicode>Argentona</Unicode>
          </TextEquiv>
        </Word>
      </TextLine>
    </TextRegion>
    <TextRegion id="Record10">
      <Coords points="0,0 0,0"/>
      <TextLine id="Record10_Line0">
        <Coords points="0,0 0,0"/>
        <Word id="Record10_Line0_Word0">
          <Property key="category" value="other"/>
          <Property key="person" value="none"/>
          <Coords points="427,2839 495,2839 495,2914 427,2914"/>
          <TextEquiv>
            <Unicode>dit</Unicode>
          </TextEquiv>
        </Word>
        <Word id="Record10_Line0_Word1">
          <Property key="category" value="other"/>
          <Property key="person" value="none"/>
          <Coords points="505,2851 580,2851 580,2909 505,2909"/>
          <TextEquiv>
            <Unicode>dia</Unicode>
          </TextEquiv>
        </Word>
        <Word id="Record10_Line0_Word2">
          <Property key="category" value="other"/>
          <Property key="person" value="none"/>
          <Coords points="597,2836 753,2836 753,2909 597,2909"/>
          <TextEquiv>
            <Unicode>rebere</Unicode>
          </TextEquiv>
        </Word>
        <Word id="Record10_Line0_Word3">
          <Property key="category" value="other"/>
          <Property key="person" value="none"/>
          <Coords points="774,2850 827,2850 827,2909 774,2909"/>
          <TextEquiv>
            <Unicode>de</Unicode>
          </TextEquiv>
        </Word>
        <Word id="Record10_Line0_Word4">
          <Property key="category" value="name"/>
          <Property key="person" value="husband"/>
          <Coords points="852,2837 1050,2837 1050,2945 852,2945"/>
          <TextEquiv>
            <Unicode>Miquel</Unicode>
          </TextEquiv>
        </Word>
        <Word id="Record10_Line0_Word5">
          <Property key="category" value="surname"/>
          <Property key="person" value="husband"/>
          <Coords points="1063,2827 1227,2827 1227,2936 1063,2936"/>
          <TextEquiv>
            <Unicode>Agell</Unicode>
          </TextEquiv>
        </Word>
        <Word id="Record10_Line0_Word6">
          <Property key="category" value="occupation"/>
          <Property key="person" value="husband"/>
          <Coords points="1249,2844 1396,2844 1396,2934 1249,2934"/>
          <TextEquiv>
            <Unicode>sastre</Unicode>
          </TextEquiv>
        </Word>
        <Word id="Record10_Line0_Word7">
          <Property key="category" value="other"/>
          <Property key="person" value="none"/>
          <Coords points="1402,2836 1518,2836 1518,2921 1402,2921"/>
          <TextEquiv>
            <Unicode>fill</Unicode>
          </TextEquiv>
        </Word>
        <Word id="Record10_Line0_Word8">
          <Property key="category" value="other"/>
          <Property key="person" value="none"/>
          <Coords points="1530,2831 1588,2831 1588,2898 1530,2898"/>
          <TextEquiv>
            <Unicode>de</Unicode>
          </TextEquiv>
        </Word>
        <Word id="Record10_Line0_Word9">
          <Property key="category" value="name"/>
          <Property key="person" value="husbands_father"/>
          <Coords points="1604,2814 1786,2814 1786,2933 1604,2933"/>
          <TextEquiv>
            <Unicode>Agusti</Unicode>
          </TextEquiv>
        </Word>
        <Word id="Record10_Line0_Word10">
          <Property key="category" value="surname"/>
          <Property key="person" value="husbands_father"/>
          <Coords points="1793,2807 1964,2807 1964,2931 1793,2931"/>
          <TextEquiv>
            <Unicode>Agell</Unicode>
          </TextEquiv>
        </Word>
      </TextLine>
      <TextLine id="Record10_Line1">
        <Coords points="0,0 0,0"/>
        <Word id="Record10_Line1_Word0">
          <Property key="category" value="occupation"/>
          <Property key="person" value="husbands_father"/>
          <Coords points="425,2943 582,2943 582,3028 425,3028"/>
          <TextEquiv>
            <Unicode>sastre</Unicode>
          </TextEquiv>
        </Word>
        <Word id="Record10_Line1_Word1">
          <Property key="category" value="other"/>
          <Property key="person" value="none"/>
          <Coords points="585,2959 655,2959 655,3029 585,3029"/>
          <TextEquiv>
            <Unicode>y</Unicode>
          </TextEquiv>
        </Word>
        <Word id="Record10_Line1_Word2">
          <Property key="category" value="other"/>
          <Property key="person" value="none"/>
          <Coords points="675,2946 734,2946 734,3006 675,3006"/>
          <TextEquiv>
            <Unicode>de</Unicode>
          </TextEquiv>
        </Word>
        <Word id="Record10_Line1_Word3">
          <Property key="category" value="name"/>
          <Property key="person" value="husbands_mother"/>
          <Coords points="749,2921 961,2921 961,3003 749,3003"/>
          <TextEquiv>
            <Unicode>Antonia</Unicode>
          </TextEquiv>
        </Word>
        <Word id="Record10_Line1_Word4">
          <Property key="category" value="other"/>
          <Property key="person" value="none"/>
          <Coords points="982,2937 1191,2937 1191,3025 982,3025"/>
          <TextEquiv>
            <Unicode>defuncts</Unicode>
          </TextEquiv>
        </Word>
        <Word id="Record10_Line1_Word5">
          <Property key="category" value="other"/>
          <Property key="person" value="none"/>
          <Coords points="1209,2932 1284,2932 1284,3005 1209,3005"/>
          <TextEquiv>
            <Unicode>ab</Unicode>
          </TextEquiv>
        </Word>
        <Word id="Record10_Line1_Word6">
          <Property key="category" value="name"/>
          <Property key="person" value="wife"/>
          <Coords points="1293,2927 1464,2927 1464,3000 1293,3000"/>
          <TextEquiv>
            <Unicode>Maria</Unicode>
          </TextEquiv>
        </Word>
        <Word id="Record10_Line1_Word7">
          <Property key="category" value="other"/>
          <Property key="person" value="none"/>
          <Coords points="1482,2921 1700,2921 1700,3024 1482,3024"/>
          <TextEquiv>
            <Unicode>donsella</Unicode>
          </TextEquiv>
        </Word>
        <Word id="Record10_Line1_Word8">
          <Property key="category" value="other"/>
          <Property key="person" value="none"/>
          <Coords points="1699,2925 1842,2925 1842,3024 1699,3024"/>
          <TextEquiv>
            <Unicode>filla</Unicode>
          </TextEquiv>
        </Word>
        <Word id="Record10_Line1_Word9">
          <Property key="category" value="other"/>
          <Property key="person" value="none"/>
          <Coords points="1872,2923 1966,2923 1966,2994 1872,2994"/>
          <TextEquiv>
            <Unicode>de</Unicode>
          </TextEquiv>
        </Word>
      </TextLine>
      <TextLine id="Record10_Line2">
        <Coords points="0,0 0,0"/>
        <Word id="Record10_Line2_Word0">
          <Property key="category" value="name"/>
          <Property key="person" value="wifes_father"/>
          <Coords points="433,3036 604,3036 604,3135 433,3135"/>
          <TextEquiv>
            <Unicode>jaume</Unicode>
          </TextEquiv>
        </Word>
        <Word id="Record10_Line2_Word1">
          <Property key="category" value="surname"/>
          <Property key="person" value="wifes_father"/>
          <Coords points="627,3019 894,3019 894,3137 627,3137"/>
          <TextEquiv>
            <Unicode>Verdaguer</Unicode>
          </TextEquiv>
        </Word>
        <Word id="Record10_Line2_Word2">
          <Property key="category" value="occupation"/>
          <Property key="person" value="wifes_father"/>
          <Coords points="914,3028 1045,3028 1045,3102 914,3102"/>
          <TextEquiv>
            <Unicode>boter</Unicode>
          </TextEquiv>
        </Word>
        <Word id="Record10_Line2_Word3">
          <Property key="category" value="other"/>
          <Property key="person" value="none"/>
          <Coords points="1037,3064 1102,3064 1102,3125 1037,3125"/>
          <TextEquiv>
            <Unicode>y</Unicode>
          </TextEquiv>
        </Word>
        <Word id="Record10_Line2_Word4">
          <Property key="category" value="other"/>
          <Property key="person" value="none"/>
          <Coords points="1121,3035 1181,3035 1181,3106 1121,3106"/>
          <TextEquiv>
            <Unicode>de</Unicode>
          </TextEquiv>
        </Word>
        <Word id="Record10_Line2_Word5">
          <Property key="category" value="name"/>
          <Property key="person" value="wifes_mother"/>
          <Coords points="1211,3014 1415,3014 1415,3104 1211,3104"/>
          <TextEquiv>
            <Unicode>Eleonor</Unicode>
          </TextEquiv>
        </Word>
        <Word id="Record10_Line2_Word6">
          <Property key="category" value="other"/>
          <Property key="person" value="none"/>
          <Coords points="1419,3031 1540,3031 1540,3099 1419,3099"/>
          <TextEquiv>
            <Unicode>tots</Unicode>
          </TextEquiv>
        </Word>
        <Word id="Record10_Line2_Word7">
          <Property key="category" value="other"/>
          <Property key="person" value="none"/>
          <Coords points="1549,3026 1607,3026 1607,3101 1549,3101"/>
          <TextEquiv>
            <Unicode>de</Unicode>
          </TextEquiv>
        </Word>
        <Word id="Record10_Line2_Word8">
          <Property key="category" value="location"/>
          <Property key="person" value="husband"/>
          <Coords points="1639,2983 2018,2983 2018,3101 1639,3101"/>
          <TextEquiv>
            <Unicode>Llavaneres</Unicode>
          </TextEquiv>
        </Word>
      </TextLine>
    </TextRegion>
    <TextRegion id="Record11">
      <Coords points="0,0 0,0"/>
      <TextLine id="Record11_Line0">
        <Coords points="0,0 0,0"/>
        <Word id="Record11_Line0_Word0">
          <Property key="category" value="other"/>
          <Property key="person" value="none"/>
          <Coords points="434,3132 614,3132 614,3236 434,3236"/>
          <TextEquiv>
            <Unicode>dissapte</Unicode>
          </TextEquiv>
        </Word>
        <Word id="Record11_Line0_Word1">
          <Property key="category" value="other"/>
          <Property key="person" value="none"/>
          <Coords points="622,3157 676,3157 676,3200 622,3200"/>
          <TextEquiv>
            <Unicode>a</Unicode>
          </TextEquiv>
        </Word>
        <Word id="Record11_Line0_Word2">
          <Property key="category" value="other"/>
          <Property key="person" value="none"/>
          <Coords points="683,3143 785,3143 785,3201 683,3201"/>
          <TextEquiv>
            <Unicode>26</Unicode>
          </TextEquiv>
        </Word>
        <Word id="Record11_Line0_Word3">
          <Property key="category" value="other"/>
          <Property key="person" value="none"/>
          <Coords points="792,3125 950,3125 950,3205 792,3205"/>
          <TextEquiv>
            <Unicode>rebere</Unicode>
          </TextEquiv>
        </Word>
        <Word id="Record11_Line0_Word4">
          <Property key="category" value="other"/>
          <Property key="person" value="none"/>
          <Coords points="962,3141 1017,3141 1017,3201 962,3201"/>
          <TextEquiv>
            <Unicode>de</Unicode>
          </TextEquiv>
        </Word>
        <Word id="Record11_Line0_Word5">
          <Property key="category" value="name"/>
          <Property key="person" value="husband"/>
          <Coords points="1042,3117 1227,3117 1227,3197 1042,3197"/>
          <TextEquiv>
            <Unicode>Henrich</Unicode>
          </TextEquiv>
        </Word>
        <Word id="Record11_Line0_Word6">
          <Property key="category" value="surname"/>
          <Property key="person" value="husband"/>
          <Coords points="1243,3117 1390,3117 1390,3202 1243,3202"/>
          <TextEquiv>
            <Unicode>Cortes</Unicode>
          </TextEquiv>
        </Word>
        <Word id="Record11_Line0_Word7">
          <Property key="category" value="occupation"/>
          <Property key="person" value="husband"/>
          <Coords points="1400,3144 1528,3144 1528,3240 1400,3240"/>
          <TextEquiv>
            <Unicode>pages</Unicode>
          </TextEquiv>
        </Word>
        <Word id="Record11_Line0_Word8">
          <Property key="category" value="other"/>
          <Property key="person" value="none"/>
          <Coords points="1543,3125 1606,3125 1606,3197 1543,3197"/>
          <TextEquiv>
            <Unicode>de</Unicode>
          </TextEquiv>
        </Word>
        <Word id="Record11_Line0_Word9">
          <Property key="category" value="location"/>
          <Property key="person" value="husband"/>
          <Coords points="1609,3096 1890,3096 1890,3217 1609,3217"/>
          <TextEquiv>
            <Unicode>Plegamans</Unicode>
          </TextEquiv>
        </Word>
        <Word id="Record11_Line0_Word10">
          <Property key="category" value="other"/>
          <Property key="person" value="none"/>
          <Coords points="1889,3120 1999,3120 1999,3205 1889,3205"/>
          <TextEquiv>
            <Unicode>fill</Unicode>
          </TextEquiv>
        </Word>
      </TextLine>
      <TextLine id="Record11_Line1">
        <Coords points="0,0 0,0"/>
        <Word id="Record11_Line1_Word0">
          <Property key="category" value="other"/>
          <Property key="person" value="none"/>
          <Coords points="433,3228 485,3228 485,3298 433,3298"/>
          <TextEquiv>
            <Unicode>de</Unicode>
          </TextEquiv>
        </Word>
        <Word id="Record11_Line1_Word1">
          <Property key="category" value="name"/>
          <Property key="person" value="husbands_father"/>
          <Coords points="513,3221 714,3221 714,3337 513,3337"/>
          <TextEquiv>
            <Unicode>Miquel</Unicode>
          </TextEquiv>
        </Word>
        <Word id="Record11_Line1_Word2">
          <Property key="category" value="surname"/>
          <Property key="person" value="husbands_father"/>
          <Coords points="728,3228 866,3228 866,3291 728,3291"/>
          <TextEquiv>
            <Unicode>Cortes</Unicode>
          </TextEquiv>
        </Word>
        <Word id="Record11_Line1_Word3">
          <Property key="category" value="occupation"/>
          <Property key="person" value="husbands_father"/>
          <Coords points="874,3232 1009,3232 1009,3327 874,3327"/>
          <TextEquiv>
            <Unicode>pages</Unicode>
          </TextEquiv>
        </Word>
        <Word id="Record11_Line1_Word4">
          <Property key="category" value="other"/>
          <Property key="person" value="none"/>
          <Coords points="1024,3252 1064,3252 1064,3330 1024,3330"/>
          <TextEquiv>
            <Unicode>y</Unicode>
          </TextEquiv>
        </Word>
        <Word id="Record11_Line1_Word5">
          <Property key="category" value="other"/>
          <Property key="person" value="none"/>
          <Coords points="1073,3230 1129,3230 1129,3288 1073,3288"/>
          <TextEquiv>
            <Unicode>de</Unicode>
          </TextEquiv>
        </Word>
        <Word id="Record11_Line1_Word6">
          <Property key="category" value="name"/>
          <Property key="person" value="husbands_mother"/>
          <Coords points="1142,3203 1325,3203 1325,3315 1142,3315"/>
          <TextEquiv>
            <Unicode>Angela</Unicode>
          </TextEquiv>
        </Word>
        <Word id="Record11_Line1_Word7">
          <Property key="category" value="other"/>
          <Property key="person" value="none"/>
          <Coords points="1343,3220 1556,3220 1556,3310 1343,3310"/>
          <TextEquiv>
            <Unicode>defuncta</Unicode>
          </TextEquiv>
        </Word>
        <Word id="Record11_Line1_Word8">
          <Property key="category" value="other"/>
          <Property key="person" value="none"/>
          <Coords points="1572,3204 1645,3204 1645,3279 1572,3279"/>
          <TextEquiv>
            <Unicode>ab</Unicode>
          </TextEquiv>
        </Word>
        <Word id="Record11_Line1_Word9">
          <Property key="category" value="name"/>
          <Property key="person" value="wife"/>
          <Coords points="1664,3218 1860,3218 1860,3308 1664,3308"/>
          <TextEquiv>
            <Unicode>Sperasa</Unicode>
          </TextEquiv>
        </Word>
        <Word id="Record11_Line1_Word10">
          <Property key="category" value="state"/>
          <Property key="person" value="wife"/>
          <Coords points="1862,3210 2026,3210 2026,3305 1862,3305"/>
          <TextEquiv>
            <Unicode>dosella</Unicode>
          </TextEquiv>
        </Word>
      </TextLine>
      <TextLine id="Record11_Line2">
        <Coords points="0,0 0,0"/>
        <Word id="Record11_Line2_Word0">
          <Property key="category" value="other"/>
          <Property key="person" value="none"/>
          <Coords points="410,3311 540,3311 540,3406 410,3406"/>
          <TextEquiv>
            <Unicode>filla</Unicode>
          </TextEquiv>
        </Word>
        <Word id="Record11_Line2_Word1">
          <Property key="category" value="other"/>
          <Property key="person" value="none"/>
          <Coords points="567,3317 621,3317 621,3382 567,3382"/>
          <TextEquiv>
            <Unicode>de</Unicode>
          </TextEquiv>
        </Word>
        <Word id="Record11_Line2_Word2">
          <Property key="category" value="name"/>
          <Property key="person" value="wifes_father"/>
          <Coords points="644,3282 763,3282 763,3384 644,3384"/>
          <TextEquiv>
            <Unicode>Pere</Unicode>
          </TextEquiv>
        </Word>
        <Word id="Record11_Line2_Word3">
          <Property key="category" value="surname"/>
          <Property key="person" value="wifes_father"/>
          <Coords points="780,3309 945,3309 945,3379 780,3379"/>
          <TextEquiv>
            <Unicode>duran</Unicode>
          </TextEquiv>
        </Word>
        <Word id="Record11_Line2_Word4">
          <Property key="category" value="occupation"/>
          <Property key="person" value="wifes_father"/>
          <Coords points="944,3331 1081,3331 1081,3426 944,3426"/>
          <TextEquiv>
            <Unicode>pages</Unicode>
          </TextEquiv>
        </Word>
        <Word id="Record11_Line2_Word5">
          <Property key="category" value="other"/>
          <Property key="person" value="none"/>
          <Coords points="1108,3325 1174,3325 1174,3382 1108,3382"/>
          <TextEquiv>
            <Unicode>de</Unicode>
          </TextEquiv>
        </Word>
        <Word id="Record11_Line2_Word6">
          <Property key="category" value="location"/>
          <Property key="person" value="wifes_father"/>
          <Coords points="1183,3292 1330,3292 1330,3384 1183,3384"/>
          <TextEquiv>
            <Unicode>Palau</Unicode>
          </TextEquiv>
        </Word>
        <Word id="Record11_Line2_Word7">
          <Property key="category" value="location"/>
          <Property key="person" value="wifes_father"/>
          <Coords points="1311,3316 1500,3316 1500,3416 1311,3416"/>
          <TextEquiv>
            <Unicode>solitar</Unicode>
          </TextEquiv>
        </Word>
        <Word id="Record11_Line2_Word8">
          <Property key="category" value="other"/>
          <Property key="person" value="none"/>
          <Coords points="1481,3333 1554,3333 1554,3404 1481,3404"/>
          <TextEquiv>
            <Unicode>y</Unicode>
          </TextEquiv>
        </Word>
        <Word id="Record11_Line2_Word9">
          <Property key="category" value="other"/>
          <Property key="person" value="none"/>
          <Coords points="1572,3311 1631,3311 1631,3377 1572,3377"/>
          <TextEquiv>
            <Unicode>de</Unicode>
          </TextEquiv>
        </Word>
        <Word id="Record11_Line2_Word10">
          <Property key="category" value="name"/>
          <Property key="person" value="wifes_mother"/>
          <Coords points="1666,3292 1980,3292 1980,3406 1666,3406"/>
          <TextEquiv>
            <Unicode>Hieronyma</Unicode>
          </TextEquiv>
        </Word>
      </TextLine>
    </TextRegion>
  </Page>
</PcGts>
