2690 3794
357 323 571 431 Dissapte
592 361 626 401 a
645 355 685 406 7
717 343 762 404 de
776 343 836 401 dit
850 332 982 399 rebere
994 341 1052 404 de
1055 350 1205 440 jaume
1223 341 1412 410 Oliveres
1425 361 1550 438 pages
1558 348 1607 408 de
1619 325 1690 401 St
1684 320 1788 419 Boy
1781 338 1889 420 fill
1901 334 1976 401 de

400 416 661 493 Barthomeu
671 425 842 488 Oliveres
855 444 980 524 pages
999 451 1037 524 y
1047 432 1098 485 de
1132 434 1181 485 t
1304 421 1380 485 ab
1390 421 1611 486 Catherina
1623 425 1768 488 viuda
1781 425 1834 481 de
1833 402 1971 479 Pere

394 506 539 593 Boter
562 533 768 584 tavarner
782 523 838 582 de
868 496 1041 616 Bara

388 610 454 670 Dit
455 614 525 666 dia
534 606 669 664 rebere
674 614 718 670 de
725 602 876 666 Antoni
885 610 986 662 Oller
991 608 1247 689 passamaner
1258 602 1308 660 de
1325 583 1505 653 Mataro
1500 591 1598 672 fill
1601 599 1657 653 de
1668 574 1781 647 Pere
1794 593 1892 645 Oller
1889 591 2004 666 som=

394 694 523 763 brarer
542 703 594 761 de
607 688 783 763 Mataro
782 724 833 776 y
847 705 902 763 de
922 684 1083 756 Maria
1104 684 1290 774 defuncts
1305 690 1377 748 ab
1392 673 1552 742 Maria
1565 675 1746 765 donsella
1737 675 1860 757 filla
1881 679 1970 737 de

380 785 515 881 Juan
532 772 665 870 Penya
682 796 913 885 negociant
926 789 983 847 de
992 775 1181 850 Mataro
1193 773 1365 866 defunct
1358 802 1410 856 y
1421 775 1475 837 de
1488 762 1655 866 Antiga

388 876 456 946 Dit
465 886 537 942 dia
540 869 685 942 rebere
686 890 734 940 de
749 863 908 936 Ramon
924 859 1051 949 Pujol
1050 876 1186 971 pages
1194 876 1265 938 del
1264 891 1393 965 regne
1407 876 1458 934 de
1455 863 1629 966 frança
1640 865 1832 930 habitant
1839 891 1897 932 en
1914 831 2063 947 Bara

392 973 523 1039 viudo
540 972 608 1033 ab
615 952 771 1033 Paula
788 965 983 1054 donsella
991 956 1122 1052 filla
1145 967 1199 1029 de
1206 973 1375 1069 jaume
1394 948 1475 1031 St
1471 945 1588 1029 Pere
1589 960 1789 1071 pescador
1808 960 1994 1048 defunct

384 1095 432 1161 y
447 1078 494 1136 de
506 1042 659 1127 Paula

395 1156 465 1224 Dit
467 1161 543 1219 dia
546 1144 681 1210 rebere
687 1150 748 1207 de
765 1121 867 1197 Pere
888 1127 1113 1212 Gormanda
1119 1146 1241 1224 pages
1252 1125 1336 1196 del
1335 1136 1461 1221 regne
1466 1128 1522 1199 de
1519 1127 1691 1221 frança
1698 1113 1896 1204 habitant
1897 1128 1992 1199 en

390 1226 547 1332 Bara
544 1235 625 1307 ab
628 1228 893 1320 Hieronyma
911 1231 1108 1314 donsella
1104 1220 1240 1312 filla
1244 1224 1307 1295 de
1289 1222 1424 1315 Juan
1429 1210 1614 1309 Borrell
1601 1251 1730 1330 pages
1732 1236 1791 1301 de
1780 1206 2003 1332 Agramut

382 1328 532 1424 bisbat
534 1337 603 1397 de
587 1321 729 1421 Urgell
731 1320 913 1409 defunct
919 1334 969 1418 y
968 1314 1032 1390 de
1056 1310 1274 1405 Elisabeth

373 1420 442 1485 dit
453 1422 526 1483 dia
531 1411 686 1481 rebere
678 1419 735 1483 de
743 1395 844 1476 Pere
843 1412 1000 1497 ferrer
1009 1432 1195 1499 argenter
1199 1419 1265 1477 de
1273 1395 1414 1492 Bara
1399 1405 1506 1501 fill
1511 1419 1566 1486 de
1581 1409 1826 1503 Montserrat
1823 1414 1999 1495 ferrer

394 1511 533 1592 tisorer
533 1514 604 1571 de
601 1489 738 1589 Bara
739 1504 916 1583 defunct
911 1527 969 1585 y
970 1507 1035 1571 de
1043 1487 1245 1587 Elisabeth
1266 1497 1341 1565 ab
1346 1487 1466 1566 Elena
1478 1504 1655 1598 donsella
1655 1500 1783 1596 filla
1786 1502 1848 1571 de
1855 1485 2002 1562 Climet

392 1601 509 1666 Soler
518 1618 704 1691 argenter
710 1604 779 1674 de
782 1584 921 1680 Bara
904 1623 966 1696 y
963 1601 1030 1676 de
1025 1601 1192 1666 Maria

374 1686 541 1779 Diumege
550 1717 582 1748 a
595 1707 626 1758 8
636 1683 771 1746 rebere
779 1700 817 1752 de
824 1688 977 1748 Antoni
982 1688 1087 1775 Costa
1098 1690 1260 1781 botiguer
1273 1683 1326 1745 de
1329 1690 1410 1743 tall
1419 1683 1468 1737 de
1474 1658 1608 1762 Bara
1599 1675 1698 1752 fill
1703 1681 1754 1735 de
1741 1665 1842 1758 Jua
1853 1667 1994 1762 Costa

384 1797 491 1872 pages
510 1785 557 1834 de
570 1766 641 1834 St
648 1768 785 1830 Menat
796 1778 973 1851 defunct
960 1797 1014 1857 y
1027 1782 1075 1834 de
1084 1759 1280 1857 Elisabeth
1297 1766 1363 1826 ab
1370 1747 1541 1820 Eularia
1549 1755 1732 1839 donsella
1717 1753 1852 1838 filla
1863 1761 1951 1813 de

370 1877 505 1954 Juan
518 1861 665 1916 Canals
682 1867 815 1942 sastre
834 1867 880 1920 de
895 1857 1036 1952 Castell
1047 1852 1180 1946 bisbal
1169 1881 1225 1938 y
1236 1859 1288 1918 de
1297 1850 1560 1944 Margarida
1579 1842 1781 1935 defuncts

352 1943 452 2015 Dit
459 1955 539 2015 dia
546 1941 685 2011 rebere
692 1955 738 2017 de
761 1943 951 2011 Matheu
974 1934 1160 2036 Rafols
1165 1966 1298 2049 pages
1305 1949 1351 2009 de
1370 1951 1509 2045 Castell
1514 1951 1562 2009 de
1559 1945 1673 2037 fels
1666 1937 1765 2030 fill
1768 1941 1822 1999 de
1816 1900 1996 2024 franch

372 2025 559 2138 Rafols
567 2059 700 2149 pages
719 2050 774 2111 de
782 2029 880 2110 Sta
879 2042 1146 2140 Margarida
1161 2040 1227 2110 del
1252 2014 1474 2108 Panaders
1467 2065 1527 2132 y
1535 2044 1590 2106 de
1607 2038 1832 2102 Climenta
1843 2014 2016 2129 defucts

382 2147 444 2216 ab
437 2150 624 2245 Juana
631 2141 795 2205 viuda
818 2143 872 2201 de
871 2141 1016 2231 Juan
1041 2131 1189 2237 Garau
1200 2152 1333 2237 pages
1344 2145 1401 2203 de
1413 2133 1568 2237 Castell
1581 2141 1631 2201 de
1644 2133 1765 2226 fels

384 2242 456 2311 Dit
469 2246 539 2303 dia
552 2234 691 2302 rebere
703 2238 758 2300 de
753 2208 864 2296 Pere
877 2223 1002 2327 Pujol
1009 2242 1144 2298 corder
1147 2234 1221 2296 del
1220 2251 1339 2327 regne
1354 2238 1407 2294 de
1402 2230 1566 2321 frança
1583 2225 1789 2292 habitant
1790 2244 1854 2283 en
1875 2213 2008 2281 Mon=

396 2329 499 2384 cada
518 2324 584 2387 ab
581 2326 730 2408 Juana
745 2326 931 2410 donsella
940 2322 1059 2410 filla
1090 2326 1144 2380 de
1183 2327 1217 2376 t
1252 2334 1312 2405 y
1354 2324 1397 2380 t

382 2417 553 2484 Dimars
561 2443 600 2486 a
619 2438 675 2483 10
698 2405 838 2477 rebere
863 2422 918 2483 de
942 2401 1162 2483 Matheu
1173 2394 1324 2488 Pares
1329 2434 1519 2513 parayre
1532 2413 1588 2477 de
1597 2400 1935 2515 Sparaguera

372 2508 491 2602 fill
506 2519 565 2581 de
556 2508 706 2614 Juan
719 2491 884 2593 Pares
893 2514 1057 2612 mestre
1072 2510 1127 2575 de
1137 2514 1276 2608 cases
1262 2540 1326 2600 y
1332 2514 1385 2575 de
1400 2506 1708 2608 Magdalena
1737 2499 1819 2568 ab
1830 2485 2000 2562 Hiero=

390 2643 523 2711 nyma
546 2622 766 2720 donsella
761 2622 908 2722 filla
928 2620 983 2684 de
995 2615 1213 2686 Salvador
1222 2599 1393 2680 Ortells
1392 2632 1580 2714 parayre
1599 2609 1653 2673 de
1662 2605 1969 2709 Sparaguera

362 2740 428 2810 y
445 2729 501 2787 de
522 2711 785 2783 Catherina

374 2805 456 2876 Dit
469 2816 545 2874 dia
558 2799 689 2870 rebere
699 2809 756 2868 de
759 2786 929 2891 Raphel
954 2790 1095 2887 #
1104 2782 1322 2897 Contijoch
1323 2786 1474 2849 notari
1459 2780 1572 2872 fill
1579 2786 1641 2848 de
1656 2763 1777 2868 Luys
1794 2761 2002 2870 Contijoch

388 2913 519 3009 pages
536 2913 588 2973 de
601 2869 758 3000 Bara
765 2900 947 2998 defunct
942 2921 1000 2981 y
1005 2905 1057 2964 de
1078 2888 1326 2960 Catherina
1356 2883 1436 2954 ab
1445 2877 1712 2975 Hieronyma
1727 2881 1886 2943 viuda
1901 2869 1963 2937 de

394 3012 557 3097 jaume
585 2991 821 3065 Comalada
834 2999 1026 3091 cilurgia
1037 2997 1099 3061 #
1110 2959 1290 3066 #

378 3083 450 3150 Dit
455 3088 537 3150 dia
544 3081 689 3148 rebere
699 3092 752 3154 de
753 3069 864 3152 Pau
881 3088 1065 3184 Castellar
1064 3098 1201 3180 pages
1214 3084 1266 3142 de
1275 3058 1363 3144 St
1364 3060 1539 3171 Gervasi
1526 3064 1629 3152 fill
1632 3071 1681 3133 de
1699 3058 1872 3165 Miquel
1895 3058 1978 3127 Cas

388 3183 511 3241 tellar
514 3200 653 3283 pages
668 3193 722 3249 de
735 3175 803 3249 St
812 3177 989 3274 Gervasi
995 3172 1178 3260 defunct
1157 3200 1219 3260 y
1230 3177 1280 3236 de
1301 3164 1497 3260 Miquela
1518 3158 1594 3224 ab
1587 3141 1744 3247 Estasia
1753 3155 1951 3241 donsella

370 3273 503 3348 filla
534 3282 588 3338 de
603 3257 780 3336 Antoni
790 3269 931 3357 Cuyas
932 3265 1077 3365 pages
1090 3274 1144 3338 de
1159 3259 1450 3332 Vallvidrera
1443 3286 1501 3349 y
1516 3265 1568 3327 de
1581 3240 1748 3323 Elienor
