2690 3794
345 257 606 387 Dimecres
612 341 650 377 a
665 327 716 379 2
727 305 885 381 rebere
896 329 941 385 de
958 316 1197 413 Hieronym
1222 331 1395 421 Castells
1404 337 1542 428 pages
1557 331 1606 391 de
1625 322 1750 389 Corro
1757 320 1907 387 devall
1920 310 2000 383 ha

405 397 551 472 bitant
562 427 619 466 en
636 393 860 502 Vilamajor
859 403 970 496 fill
979 412 1026 477 de
1049 408 1228 507 Miquel
1249 418 1422 507 Castells
1423 427 1556 511 pages
1557 435 1612 498 y
1625 418 1676 479 de
1703 407 1983 502 Magdalena

409 506 608 585 defuncts
624 501 695 564 ab
706 495 875 570 Maria
894 506 1081 600 donsella
1076 503 1207 598 filla
1227 512 1281 575 de
1278 506 1426 601 Juan
1446 503 1556 601 Giol
1536 504 1733 592 sabater
1747 503 1806 562 de
1807 493 2033 587 Vilamajor

389 619 449 683 y
459 606 515 666 de
523 572 685 660 Paula

393 684 483 765 Dit
492 693 569 754 dia
581 676 722 749 rebere
733 691 786 754 de
789 668 1003 782 Domingo
1020 684 1172 747 Mados
1181 693 1321 777 pages
1332 672 1412 745 del
1411 693 1556 773 regne
1565 666 1620 737 de
1625 661 1806 775 frança
1825 638 2002 728 habitat

411 806 474 852 en
496 751 668 871 Bara
680 778 751 850 ab
762 759 908 843 Anna
931 774 1129 871 donsella
1155 774 1228 843 del
1247 755 1484 866 Hospital
1470 759 1680 866 general

405 883 487 954 Dit
496 883 571 944 dia
583 868 736 950 rebere
754 887 800 948 de
810 866 933 943 Pere
948 872 1083 944 Vidal
1088 896 1219 975 pages
1233 885 1288 943 de
1291 868 1469 965 Vinyols
1470 868 1577 965 fill
1592 872 1647 939 de
1648 861 1797 962 Juan
1817 844 1973 926 Vidal

407 992 532 1078 pages
539 1000 592 1067 y
601 985 654 1045 de
680 972 949 1061 Magdalena
981 970 1058 1035 ab
1064 970 1234 1039 Maria
1249 974 1446 1076 donsella
1441 970 1570 1061 filla
1578 972 1632 1029 de
1652 962 1818 1061 Gregori
1823 932 1985 1033 Pomes

415 1087 625 1137 tavarner
643 1081 703 1137 de
717 1047 885 1152 Bara
868 1091 933 1156 y
948 1074 999 1133 de
1022 1060 1335 1167 Magdalena
1359 1057 1566 1154 defuncts

393 1170 483 1244 Dit
485 1166 571 1231 dia
591 1151 743 1229 rebere
750 1168 802 1229 de
827 1144 1097 1241 Barthomeu
1115 1160 1259 1257 Garau
1274 1140 1399 1223 Pera
1419 1168 1608 1216 carnicer
1623 1155 1674 1216 de
1675 1140 1866 1238 Vilassar
1871 1141 2006 1205 viudo

407 1264 472 1329 ab
490 1256 730 1323 Catherina
742 1256 912 1346 donsella
911 1255 1036 1344 filla
1047 1255 1096 1316 de
1113 1247 1246 1312 Cebria
1276 1249 1500 1333 Altafulla
1509 1266 1634 1355 pages
1650 1251 1704 1310 de
1716 1241 1868 1304 Orrius
1862 1258 1923 1323 y
1918 1236 1985 1299 de

397 1352 640 1440 francina
661 1347 873 1438 defuncts

401 1447 481 1515 Dit
488 1447 563 1508 dia
574 1436 730 1510 rebere
738 1447 796 1506 de
807 1411 926 1498 Pere
948 1417 1092 1489 Marti
1086 1407 1263 1514 forner
1276 1409 1329 1480 de
1359 1394 1548 1467 çarreal
1559 1392 1824 1485 Archebisbat
1832 1396 1892 1457 de
1908 1373 2029 1455 Tar=

407 1563 563 1638 ragona
581 1530 782 1600 habitant
797 1547 864 1597 en
872 1499 1038 1617 Bara
1049 1520 1180 1583 viudo
1204 1514 1275 1580 ab
1278 1497 1478 1578 Eularia
1493 1499 1655 1568 viuda
1666 1499 1727 1564 de
1726 1483 1855 1597 Jua
1844 1492 2039 1595 figue=

405 1641 489 1710 res
496 1635 662 1730 forner
684 1631 736 1695 de
750 1599 922 1721 Bara

395 1722 476 1787 Dit
485 1723 557 1783 dia
568 1709 709 1781 rebere
719 1725 773 1779 de
785 1684 897 1776 Pere
907 1707 1031 1774 Sans
1039 1709 1170 1794 pages
1187 1690 1255 1759 del
1262 1709 1391 1779 regne
1413 1688 1463 1751 de
1468 1678 1635 1774 frança
1654 1671 1849 1740 habitant
1854 1686 1913 1734 en
1914 1643 2062 1752 Bara

413 1807 481 1877 ab
496 1803 736 1870 Catherina
754 1799 947 1898 donsella
942 1793 1077 1887 filla
1095 1793 1147 1860 de
1161 1784 1333 1896 Gaspar
1346 1771 1494 1838 Dalba
1499 1790 1630 1883 pages
1646 1767 1705 1836 de
1724 1738 1877 1858 Bara
1879 1744 2012 1855 defuct

387 1923 441 1994 y
457 1910 511 1970 de
519 1897 771 1998 francisca

401 1993 540 2088 Dijous
546 2012 588 2055 a
603 1997 640 2058 3
651 1980 780 2047 rebere
789 1988 840 2047 de
820 1972 982 2086 Isach
1000 1959 1133 2034 Totel
1117 1972 1323 2077 stamper
1342 1961 1414 2026 del
1423 1980 1560 2056 regne
1574 1961 1628 2020 de
1621 1950 1800 2058 frança
1821 1931 1991 2017 habitat

409 2104 468 2152 en
485 2074 681 2147 Valentia
708 2072 782 2141 ab
808 2065 974 2133 Maria
989 2065 1184 2162 donsella
1181 2063 1316 2152 filla
1336 2074 1387 2128 de
1406 2036 1603 2124 Bernat
1621 2036 1853 2117 Miranda
1869 2050 2035 2111 texidor

418 2181 464 2245 de
486 2174 610 2241 llana
636 2178 691 2239 de
700 2165 908 2230 Valentia
900 2195 955 2252 y
960 2170 1016 2242 de
1017 2158 1194 2236 Lucia

393 2261 613 2330 Divendres
626 2289 660 2324 a
682 2278 732 2332 4
744 2257 902 2324 rebere
919 2263 968 2326 de
979 2246 1182 2326 Amador
1186 2233 1407 2313 Monbru
1413 2242 1575 2305 texidor
1586 2244 1640 2307 de
1652 2234 1787 2301 llana
1797 2240 1855 2299 de
1860 2230 1940 2309 St

393 2357 534 2445 feliu
546 2357 600 2426 de
609 2359 767 2452 Codines
767 2343 885 2454 fill
894 2355 947 2418 de
964 2361 1120 2456 jaume
1136 2335 1351 2412 Monbru
1347 2353 1550 2443 parayre
1544 2361 1599 2426 y
1609 2342 1665 2403 de
1675 2325 1965 2435 Margarida

413 2451 610 2548 defuncts
628 2455 693 2518 ab
709 2438 867 2514 Maria
882 2444 1073 2541 donsella
1068 2440 1205 2539 filla
1229 2449 1283 2507 de
1280 2411 1411 2503 Pere
1419 2417 1539 2531 Puig
1545 2445 1676 2539 pages
1693 2436 1746 2497 de
1759 2428 1942 2499 Caldes

415 2560 468 2620 de
485 2541 681 2633 Monbuy
700 2540 875 2635 defunct
865 2562 924 2626 y
944 2538 997 2603 de
1016 2530 1292 2638 Margarida
1318 2526 1482 2593 Candia

399 2641 476 2701 Dit
488 2639 559 2695 dia
574 2626 722 2697 rebere
725 2639 778 2701 de
775 2621 891 2697 Pau
917 2617 1124 2693 Monicot
1138 2639 1354 2687 tavarner
1363 2625 1420 2684 de
1429 2594 1597 2703 Bara
1576 2617 1676 2699 fill
1685 2623 1729 2675 de
1747 2579 1954 2669 Bertran

420 2722 604 2789 Monicot
616 2741 739 2825 pages
731 2751 786 2810 y
797 2726 854 2788 de
874 2707 1077 2816 Elisabeth
1103 2711 1182 2778 ab
1179 2700 1354 2806 Antiga
1365 2711 1502 2770 viuda
1512 2721 1566 2772 de
1567 2688 1676 2774 Pau
1689 2703 1950 2802 Capellades

415 2822 693 2914 passamaner
702 2813 753 2880 de
772 2783 926 2895 Bara

403 2909 476 2972 Dit
486 2909 569 2968 dia
585 2892 716 2965 rebere
729 2907 774 2959 de
791 2871 970 2957 Bernat
985 2879 1155 2970 Catoday
1167 2886 1312 2976 mestre
1324 2871 1387 2938 de
1398 2892 1521 2936 axa
1534 2854 1742 2929 habitant
1745 2884 1806 2925 en
1801 2834 1979 2948 Bara

389 2988 480 3068 ab
506 2975 788 3085 Magdalena
808 2979 978 3072 dosella
977 2967 1118 3065 filla
1163 2965 1228 3030 de
1351 2967 1389 3027 t

401 3090 571 3157 Dilluns
579 3112 617 3149 a
624 3095 670 3147 7
684 3069 825 3142 rebere
839 3082 893 3140 de
913 3084 1058 3172 jaume
1076 3065 1263 3168 Guitart
1276 3080 1407 3164 pages
1425 3075 1477 3129 de
1489 3046 1725 3159 Terrassa
1720 3058 1832 3147 #
1838 3052 1991 3115 viudo

405 3177 474 3238 ab
486 3161 679 3242 Beatriu
694 3175 891 3270 donsella
897 3167 1048 3264 filla
1064 3177 1116 3234 de
1142 3160 1313 3257 Gabriel
1328 3135 1541 3219 Arnella
1544 3163 1684 3251 pages
1695 3144 1748 3204 de
1764 3131 1996 3242 Terrassa

413 3278 592 3364 defunct
589 3301 644 3368 y
653 3274 720 3338 de
744 3254 910 3334 Elienor
