2690 3794
399 286 594 387 Diumege
609 321 654 360 a
664 307 725 365 16
728 292 869 368 rebere
876 307 931 365 de
945 290 1061 373 Pere
1060 296 1288 389 fabregues
1299 321 1424 402 pages
1433 296 1632 372 habitant
1643 323 1703 368 en
1710 283 1874 389 Bara
1854 313 1976 372 viudo

418 384 489 450 ab
495 378 661 477 Antiga
672 390 850 473 donsella
857 378 985 471 filla
999 390 1057 454 de
1070 374 1178 452 Pere
1189 380 1313 455 llores
1316 386 1482 484 fuster
1489 376 1688 446 habitant
1689 405 1753 446 en
1767 380 1978 446 Mataro

418 478 602 560 defunct
599 498 650 563 y
664 489 717 540 de
741 472 994 568 Margarida

420 564 581 622 Dilluns
590 575 643 627 a
645 571 720 627 17
722 559 865 623 rebere
875 568 929 620 de
937 546 1098 622 Antoni
1093 548 1209 649 fos
1210 556 1401 639 frances
1413 555 1565 628 #
1405 514 1549 577 tirater
1578 538 1784 620 habitant
1795 575 1855 619 en
1860 533 2015 643 Bara

415 644 483 710 ab
497 649 733 740 Marquesa
741 646 925 737 donsella
932 640 1040 737 filla
1058 648 1109 710 de
1114 630 1217 712 Pere
1237 623 1394 704 Badia
1406 646 1551 698 notari
1554 651 1613 704 de
1625 638 1674 700 la
1689 646 1778 704 Seu
1792 648 1843 702 de
1839 634 1993 731 Urgell

409 764 456 826 y
482 743 540 800 de
597 749 640 805 t
699 739 910 824 defuncts

420 810 493 886 dit
499 824 569 880 dia
589 829 639 886 #
643 820 781 888 rebere
789 831 842 888 de
857 814 1034 889 Antoni
1053 806 1271 878 Manader
1285 814 1440 874 texidor
1445 818 1496 874 de
1504 810 1638 874 llana
1650 818 1703 874 de
1715 804 1955 905 Terrassa

416 900 627 972 habitant
636 936 694 976 en
714 906 998 1008 Sparaguera
995 898 1100 998 fill
1112 912 1167 970 de
1174 873 1298 970 Pere
1316 894 1526 966 Manader
1529 902 1690 964 texidor
1696 906 1753 962 de
1758 890 1888 957 llana
1890 862 2026 985 defuct

409 1022 464 1083 y
484 999 537 1060 de
563 980 744 1069 Eularia
778 999 852 1065 ab
862 994 1092 1067 Catherina
1108 994 1261 1094 dosella
1262 986 1394 1096 filla
1408 997 1461 1058 de
1446 982 1707 1088 francesch
1702 986 1830 1052 Soler
1835 1007 2034 1090 parayre

430 1101 485 1159 de
488 1087 771 1201 Sparaguera
789 1099 986 1178 defunct
964 1131 1025 1186 y
1039 1097 1092 1161 de
1118 1085 1376 1188 Maryanna

407 1177 590 1245 Dimars
601 1206 640 1243 a
653 1192 719 1245 18
735 1179 877 1247 rebere
887 1190 944 1247 de
960 1168 1131 1251 Antoni
1145 1179 1298 1243 Oliver
1300 1189 1432 1276 pages
1443 1183 1496 1241 de
1508 1151 1747 1237 Badalona
1745 1173 1843 1262 fill
1846 1185 1897 1237 de
1896 1152 2010 1237 Pau

424 1275 565 1339 Oliver
576 1282 704 1373 pages
703 1300 760 1360 y
778 1277 837 1337 de
853 1246 998 1339 Paula
1010 1267 1221 1354 defuncts
1222 1269 1298 1335 ab
1322 1261 1580 1360 Magdalena
1600 1263 1784 1358 donsella
1792 1252 1914 1362 filla
1929 1261 1989 1325 de

403 1365 523 1471 Jua
534 1359 692 1434 Calvet
685 1389 746 1446 y
757 1344 925 1434 Banus
941 1376 1084 1465 pages
1097 1370 1146 1432 de
1158 1365 1263 1432 dita
1264 1355 1496 1465 parrochia
1477 1384 1540 1452 y
1560 1372 1617 1432 de
1633 1340 1838 1446 Rafela

415 1454 637 1524 Divendres
653 1479 710 1515 a
705 1466 787 1515 21
787 1447 923 1517 rebere
937 1460 988 1513 de
974 1453 1119 1536 Juan
1137 1441 1298 1517 Lleonet
1297 1458 1459 1549 ferrer
1473 1460 1540 1522 de
1531 1451 1720 1539 frança
1725 1454 1861 1517 viudo
1879 1437 2009 1511 habi=

422 1558 538 1614 tant
549 1573 610 1612 en
624 1525 719 1614 St
722 1538 927 1610 Climent
941 1552 996 1605 de
1016 1529 1230 1633 Llobregat
1245 1541 1326 1605 ab
1337 1525 1536 1607 Eularia
1541 1536 1740 1629 donsella
1742 1533 1874 1633 filla
1888 1531 1966 1601 de

432 1648 598 1740 jaume
626 1621 890 1706 Albareda
897 1653 1038 1742 pages
1062 1640 1119 1706 de
1133 1617 1326 1727 Palleja
1333 1655 1378 1737 y
1387 1642 1446 1698 de
1475 1632 1524 1696 t

426 1733 496 1788 dit
503 1733 573 1788 dia
595 1716 736 1788 rebere
749 1739 796 1800 de
812 1726 971 1794 Antoni
970 1720 1088 1826 Jua
1102 1733 1298 1834 Company
1304 1739 1438 1834 pages
1456 1733 1507 1790 de
1516 1703 1799 1794 Palaudaries
1802 1712 1899 1807 fill
1910 1730 1968 1780 de

432 1814 621 1916 Miquel
649 1823 846 1912 Company
845 1829 977 1918 pages
979 1852 1032 1912 y
1045 1833 1103 1899 de
1099 1825 1261 1918 Juana
1278 1839 1436 1891 vivent
1448 1818 1536 1888 ab
1548 1812 1809 1886 Catherina
1816 1812 1984 1872 viuda

441 1925 500 1985 de
515 1915 679 1985 Vicens
703 1915 858 2021 Angli
862 1938 998 2025 pages
1016 1926 1071 1993 de
1087 1904 1198 1991 Sta
1185 1902 1400 2027 Perpetua
1423 1933 1478 1995 de
1504 1898 1720 2014 Mogoda

430 2003 508 2063 dit
517 2007 589 2069 dia
603 2001 736 2071 rebere
735 2018 787 2069 de
795 2016 952 2100 jaume
960 2011 1107 2092 Sastre
1116 2011 1315 2094 negociant
1322 2003 1532 2067 habitant
1539 2026 1595 2067 en
1608 1990 1792 2092 Aulesa
1796 2003 1853 2060 de
1860 1990 2022 2060 Mont=

407 2103 562 2186 serrat
570 2091 665 2203 fill
684 2108 733 2161 de
732 2087 986 2193 francesch
997 2087 1157 2192 Sastre
1166 2091 1290 2161 veler
1300 2097 1357 2149 de
1375 2072 1528 2178 Bara
1504 2110 1565 2180 y
1573 2101 1626 2161 de
1646 2082 1918 2176 Hieronyma
1855 2051 2040 2113 defuncts
1932 2085 2016 2151 ab

407 2189 592 2308 Isabet
601 2192 767 2297 juana
787 2183 959 2285 dosella
972 2183 1106 2280 filla
1118 2192 1165 2249 de
1193 2165 1300 2255 Pere
1306 2164 1528 2280 Puigrobi
1539 2198 1738 2293 parayre
1762 2179 1822 2249 de
1817 2165 1970 2243 Vich

440 2292 621 2385 defunct
613 2307 677 2371 y
697 2284 758 2362 de
784 2277 955 2385 Luysa

438 2382 508 2450 dit
524 2380 598 2440 dia
605 2368 752 2446 rebere
761 2386 806 2438 de
814 2366 923 2465 Jua
937 2349 1044 2442 Pau
1049 2366 1163 2463 font
1151 2364 1357 2463 stamper
1370 2361 1428 2425 de
1441 2326 1603 2442 Bara
1610 2351 1718 2455 fill
1729 2355 1786 2417 de
1806 2336 1988 2450 Guerau

416 2462 554 2582 font
563 2477 698 2574 pages
714 2483 769 2536 de
776 2454 848 2532 St
860 2450 1027 2536 Marti
1039 2479 1090 2532 de
1108 2435 1386 2562 Prohensals
1375 2479 1436 2543 y
1450 2460 1501 2522 de
1529 2443 1805 2547 Hieronyma
1817 2445 2018 2538 defuncta

438 2561 518 2631 ab
530 2569 719 2631 eularia
737 2575 894 2637 #
901 2556 1106 2656 donsella
1102 2552 1236 2658 filla
1266 2561 1325 2622 de
1343 2533 1526 2654 Agusti
1539 2537 1718 2616 Anton
1714 2540 1932 2650 forjedor
1938 2542 2007 2604 de

418 2663 592 2753 spases
566 2688 623 2746 y
618 2665 677 2725 de
705 2636 915 2719 Eularia
941 2638 1173 2746 defuncts

426 2752 506 2819 dit
518 2749 596 2817 dia
620 2733 788 2807 donare
805 2743 1002 2813 llicentia
1014 2770 1046 2807 a
1045 2732 1194 2838 Juan
1204 2722 1350 2797 Mas
1349 2751 1526 2821 manya
1542 2705 1751 2790 habitant
1765 2743 1830 2782 en
1852 2691 2026 2803 Bara

418 2839 518 2937 fill
543 2842 602 2904 de
611 2818 750 2909 Pere
766 2827 908 2910 Mas
910 2829 1098 2933 franer
1118 2833 1182 2893 de
1201 2814 1384 2931 Gerona
1374 2850 1442 2922 y
1462 2825 1515 2897 de
1541 2806 1824 2924 Margarida
1841 2793 2016 2906 defucts

424 2940 502 3004 ab
528 2919 675 3008 Elena
691 2927 873 3042 dosella
885 2936 1021 3038 filla
1035 2925 1111 2998 del
1133 2911 1328 3033 hospital
1306 2909 1540 3029 general

426 3026 606 3123 dissapte
616 3060 644 3092 a
666 3049 748 3099 22
759 3032 911 3099 rebere
928 3045 980 3098 de
987 3024 1173 3136 Miquel
1185 3015 1392 3104 Amador
1400 3030 1540 3090 viudo
1550 3009 1636 3090 #
1643 3034 1824 3119 torsedor
1831 3024 1886 3080 de
1873 3016 2007 3109 seda

426 3116 648 3191 habitant
659 3144 717 3186 en
734 3097 909 3207 Bara
920 3112 1002 3191 ab
985 3120 1230 3230 francisca
1251 3118 1447 3220 donsella
1437 3110 1590 3209 filla
1602 3123 1657 3180 de
1669 3095 1780 3178 Pau
1802 3095 2018 3180 Raverter

424 3215 604 3283 texidor
616 3221 675 3279 de
687 3213 800 3285 vels
818 3227 877 3285 de
868 3225 1009 3314 seda
1008 3236 1081 3312 y
1097 3225 1163 3291 de
1191 3204 1376 3323 Antiga
