2690 3794
322 261 564 378 Diumege
574 306 614 356 a
616 298 675 356 10
677 275 831 353 rebere
821 289 881 353 de
877 261 1001 353 Pere
1017 281 1153 375 Major
1161 286 1318 370 ferrer
1311 295 1376 361 de
1372 281 1546 375 frança
1566 284 1761 361 habitant
1760 315 1822 356 en
1842 295 1969 364 Saba=

366 374 452 444 dell
478 374 549 444 ab
554 369 784 441 Catherina
788 372 983 463 donsella
968 366 1109 461 filla
1120 377 1180 441 de
1161 366 1294 472 Jua
1302 383 1373 446 del
1372 377 1479 449 Sol
1472 397 1611 478 pages
1619 391 1681 452 de
1674 378 1890 458 Sabadell
1850 400 1913 463 y
1909 386 1978 452 de

357 474 523 557 Juana

356 549 533 625 Dilluns
551 560 590 617 a
600 552 650 617 11
669 533 828 611 rebere
825 549 881 611 de
874 525 993 630 Jua
992 525 1114 627 font
1113 555 1254 638 pages
1258 541 1317 611 de
1321 515 1520 638 Terrassa
1532 531 1668 617 viudo
1686 531 1766 611 ab
1774 533 1948 635 Marga=

359 637 469 709 rida
471 637 615 709 viuda
638 640 697 707 de
721 621 922 699 Narcis
929 621 1119 728 Guitart
1118 642 1322 733 parayre
1335 637 1402 699 de
1409 618 1514 696 dita
1527 616 1640 694 vila
1653 629 1725 696 de
1727 610 1972 720 Terrassa

356 737 437 797 Dit
438 724 519 805 dia
532 719 672 800 rebere
677 737 743 800 de
742 724 905 823 jaume
924 719 1111 797 Nicolau
1116 737 1259 826 pages
1261 727 1317 789 de
1321 701 1481 813 Bara
1488 716 1558 794 ab
1573 716 1714 813 Luysa
1722 711 1939 813 donsella

340 822 478 919 filla
482 825 538 892 de
553 820 724 922 Gaspar
723 814 894 908 ferrer
904 822 1078 916 traginer
1083 814 1141 890 de
1148 830 1259 890 mar
1250 836 1308 900 y
1318 817 1380 887 de
1387 806 1591 919 Antiga

362 923 431 985 Dit
438 926 505 985 dia
521 915 670 988 donare
685 899 851 988 llicentia
839 897 1001 1004 gratis
1003 931 1037 972 a
1052 897 1223 977 Antoni
1225 886 1415 1001 Arisart
1434 913 1561 1004 sastre
1568 913 1624 969 de
1628 876 1778 996 Bara
1752 891 1860 1001 fill
1862 884 1945 967 de

356 1003 522 1084 Antoni
532 995 722 1105 Arisart
732 995 911 1100 hostaler
912 1030 974 1094 y
978 1011 1043 1070 de
1028 1003 1210 1089 Juana
1220 995 1426 1092 defuncts
1450 990 1520 1070 ab
1521 974 1712 1068 Monica
1724 987 1939 1086 donsella

351 1109 475 1203 filla
482 1112 543 1179 de
553 1101 760 1206 Galcera
767 1083 982 1171 Texidor
992 1096 1106 1171 oller
1110 1101 1177 1166 de
1184 1069 1330 1190 Bara
1335 1091 1503 1193 defunct
1480 1117 1553 1187 y
1568 1088 1635 1155 de
1639 1067 1818 1203 Antiga

353 1200 439 1278 Dit
444 1208 533 1278 dia
538 1207 663 1274 Dare
664 1204 794 1265 altra
804 1196 995 1268 llicentia
989 1209 1174 1297 gratis
1173 1219 1219 1272 a
1210 1180 1350 1299 Jua
1347 1184 1570 1297 Castanet
1569 1194 1715 1295 pages
1714 1194 1786 1264 de
1768 1180 1976 1280 frança

356 1298 584 1373 habitant
600 1322 664 1368 en
691 1263 859 1389 Bara
858 1287 947 1368 ab
954 1279 1254 1405 Margarida
1264 1287 1448 1400 dosella
1442 1287 1583 1392 filla
1601 1298 1659 1371 de
1653 1295 1838 1405 jaume
1862 1271 1994 1363 Mi=

356 1380 478 1495 quel
490 1391 708 1506 pescador
704 1393 763 1461 de
789 1364 952 1495 Bara
929 1417 1001 1490 y
1003 1401 1067 1490 de
1085 1372 1267 1469 Eleonor
1283 1396 1500 1485 defuncts

342 1492 434 1570 Dit
441 1492 543 1572 dia
559 1476 716 1559 rebere
718 1494 777 1567 de
776 1465 894 1564 Pau
912 1473 1147 1591 Ribafort
1148 1494 1336 1572 sabater
1349 1486 1410 1562 de
1403 1460 1572 1570 Palau
1535 1476 1742 1602 solitar
1749 1484 1884 1559 viudo
1892 1478 1986 1564 ab

364 1585 607 1668 Catherina
617 1590 766 1665 viuda
787 1587 848 1660 de
866 1569 1056 1695 Agusti
1063 1571 1256 1687 Alsina
1266 1606 1407 1695 pages
1414 1587 1478 1665 de
1488 1579 1624 1687 llissa
1631 1579 1835 1660 demunt

348 1699 434 1774 Dit
438 1696 519 1766 dia
532 1691 683 1769 rebere
685 1704 746 1772 de
756 1701 889 1806 juan
896 1701 1037 1795 janer
1042 1715 1254 1782 carrater
1253 1683 1470 1777 habitant
1477 1715 1558 1777 en
1557 1662 1733 1785 Bara
1708 1688 1840 1801 fill
1848 1686 1939 1766 de

320 1786 601 1899 francesch
606 1802 749 1904 janer
765 1810 922 1904 pages
915 1797 985 1875 de
995 1776 1204 1891 Llinyola
1217 1786 1385 1902 bisbat
1390 1802 1462 1872 de
1461 1784 1607 1899 Urgell
1604 1789 1821 1891 defunct
1812 1821 1882 1899 y
1875 1784 1948 1857 de

356 1895 573 1968 Catherina
614 1887 694 1968 ab
688 1890 930 1973 Catherina
935 1895 1095 1973 viuda
1099 1898 1155 1971 de
1159 1909 1289 2008 juan
1294 1890 1498 1997 domenja
1508 1906 1659 2008 pages
1656 1901 1723 1965 de
1735 1874 2021 1992 Vilafranca

342 2010 406 2074 de
400 1959 650 2072 Panaders

334 2081 505 2151 Dimars
507 2100 543 2143 a
551 2095 612 2140 12
627 2065 779 2140 rebere
778 2073 840 2135 de
841 2049 1021 2140 Antoni
1006 2041 1169 2156 Pujol
1159 2079 1300 2164 pages
1299 2071 1361 2135 de
1349 2063 1553 2167 Vilassar
1543 2060 1643 2164 fill
1642 2065 1712 2140 de
1711 2057 1829 2156 Jua
1837 2041 1969 2156 Pujol

342 2171 480 2265 pages
479 2163 543 2236 de
532 2158 722 2252 Vilassar
712 2182 768 2249 y
767 2166 837 2241 de
839 2142 1125 2252 Margarida
1146 2155 1350 2247 defuncta
1382 2150 1451 2228 ab
1447 2147 1596 2225 Maria
1604 2153 1797 2239 donsella
1793 2150 1948 2247 filla

334 2261 398 2326 de
400 2235 568 2347 Dionys
597 2240 743 2332 Homs
740 2269 878 2358 pages
880 2254 938 2340 de
943 2243 1136 2342 Orrius
1162 2264 1223 2361 y
1214 2254 1287 2332 de
1299 2227 1495 2332 Angela

331 2341 406 2417 Dit
408 2344 480 2411 dia
496 2344 650 2417 rebere
644 2354 708 2424 de
703 2358 881 2448 jaume
888 2339 1056 2446 Moya
1058 2339 1210 2456 pages
1195 2357 1254 2427 de
1264 2325 1347 2419 St
1335 2333 1509 2424 Andreu
1519 2346 1577 2417 de
1573 2315 1783 2417 Palomar
1768 2333 1887 2427 fill
1883 2339 1956 2409 de

333 2422 456 2527 Pere
463 2426 626 2531 Moya
622 2450 768 2544 pages
773 2455 831 2539 y
847 2442 908 2523 de
918 2434 1114 2547 Angela
1127 2439 1328 2539 defuncta
1351 2437 1426 2517 ab
1431 2416 1651 2539 Elisabeth
1650 2442 1810 2512 viuda
1812 2429 1871 2512 de
1881 2408 2005 2507 Ber=

351 2546 442 2610 nat
455 2532 637 2645 Casals
641 2546 777 2653 pages
781 2540 848 2616 de
852 2546 947 2621 dita
951 2532 1182 2645 parrochia

331 2633 527 2722 Dimecres
532 2657 573 2706 a
581 2644 645 2725 13
663 2628 818 2714 rebere
822 2631 883 2714 de
902 2625 1084 2714 Arnau
1091 2623 1226 2717 Aret
1225 2633 1303 2709 #
1291 2647 1509 2738 parayre
1521 2625 1616 2701 del
1604 2644 1742 2733 regne
1757 2625 1816 2690 de
1801 2604 1975 2733 fraça

356 2716 568 2807 habitant
583 2747 658 2802 en
671 2732 905 2802 Sabadell
918 2726 990 2807 ab
1011 2718 1240 2841 Elisabeth
1258 2740 1457 2836 donsella
1447 2732 1591 2833 filla
1612 2732 1668 2802 de
1667 2705 1788 2799 Pere
1801 2721 1972 2796 Serra

353 2851 488 2940 pages
496 2832 568 2910 de
570 2830 785 2948 Granera
795 2822 966 2948 bisbat
978 2843 1043 2913 de
1055 2827 1163 2908 Vich
1154 2862 1226 2929 y
1236 2840 1300 2908 de
1329 2835 1402 2905 t

353 2957 483 3019 #
287 2883 527 2964 divendres
490 2952 535 2993 a
537 2941 615 3006 15
663 2923 818 3001 rebere
830 2936 894 3001 de
907 2925 1106 3027 Gabriel
1121 2925 1369 3022 Casanoves
1376 2931 1572 3027 parayre
1584 2925 1643 2982 de
1642 2902 1863 2993 Terrassa
1862 2902 1969 2995 fill

348 3024 401 3083 de
416 3016 601 3115 Gabriel
614 3018 864 3115 Casanoves
874 3045 1073 3123 parayre
1055 3037 1125 3115 y
1132 3026 1199 3088 de
1209 3005 1399 3112 Angela
1412 2987 1621 3096 defuncts
1623 2987 1695 3070 ab
1702 2987 1884 3065 Elienor
1883 2987 1948 3059 do

337 3109 469 3205 sella
477 3101 609 3197 filla
627 3117 692 3184 de
693 3101 947 3208 francesch
954 3106 1169 3181 Ameller
1173 3122 1317 3224 pages
1318 3098 1410 3176 del
1414 3114 1553 3165 terme
1562 3098 1632 3157 de
1642 3077 1931 3189 Tarrassa

353 3210 533 3298 defunct
523 3236 607 3306 y
614 3210 678 3280 de
688 3210 875 3306 juana
