2690 3794
365 260 570 368 Diumege
569 314 618 350 a
626 305 698 360 13
699 281 852 351 rebere
863 297 913 358 de
922 287 1081 356 Antoni
1088 279 1289 372 Rosanes
1292 314 1596 399 guarnicioner
1605 297 1654 362 de
1662 305 1816 364 cintons
1817 303 1871 366 de
1872 279 2018 378 Bara

378 373 486 458 fill
493 377 545 440 de
565 355 675 438 Pere
691 365 908 473 Rosanes
901 385 1106 475 serrador
1124 390 1190 454 de
1197 365 1350 466 Bara
1340 412 1400 477 y
1401 394 1459 458 de
1473 388 1692 460 Catherina
1712 388 1913 473 defuncts
1922 390 1987 450 ab

388 465 551 569 Juana
577 468 763 559 donsella
769 464 898 557 filla
914 474 967 545 de
964 464 1232 569 francesch
1250 478 1474 571 Castanyer
1479 486 1665 581 pescador
1672 486 1736 549 de
1750 457 1896 565 Bara
1899 465 2041 563 defuct

367 601 429 668 y
443 578 501 639 de
525 568 757 658 Speransa

386 663 461 725 Dit
464 663 547 723 dia
569 650 732 721 donare
742 651 941 716 llicentia
943 650 1089 740 gratis
1101 677 1135 713 a
1143 646 1280 738 Juan
1307 619 1442 742 Pigot
1441 646 1604 740 ferrer
1620 646 1692 709 del
1702 661 1829 742 regne
1851 634 1959 705 de

384 751 564 844 frança
594 741 799 812 habitant
817 769 881 809 en
897 728 1047 832 Bara
1059 747 1131 812 ab
1151 733 1423 847 Margarida
1431 751 1573 815 viuda
1599 749 1654 807 de
1697 751 1751 809 t
1794 731 1970 828 Lussa

384 1143 559 1218 Dilluns
579 1178 633 1218 a
643 1166 732 1224 14
739 1139 890 1216 rebere
897 1151 950 1220 de
945 1151 1100 1247 Juan
1092 1145 1261 1253 febrer
1250 1151 1461 1245 studiant
1471 1143 1530 1212 de
1544 1106 1698 1224 Bara
1683 1131 1787 1222 fill
1796 1131 1850 1198 de
1859 1100 2008 1198 Bar=

405 1242 564 1312 thomeu
569 1240 742 1343 febrer
733 1248 894 1343 sastre
916 1246 967 1308 de
993 1217 1152 1335 Bara
1137 1277 1194 1345 y
1200 1254 1261 1314 de
1250 1248 1440 1347 Juana
1458 1237 1659 1332 defuncta
1691 1242 1762 1300 ab
1775 1227 2039 1300 Marianna

399 1351 551 1415 viuda
571 1348 622 1411 de
647 1336 789 1442 Magi
807 1340 929 1411 Cumi
941 1365 1133 1460 parayre
1147 1346 1215 1409 de
1229 1316 1387 1433 Bara

388 1449 467 1514 Dit
483 1443 555 1512 dia
569 1435 715 1507 rebere
722 1445 774 1507 de
790 1425 955 1512 Antoni
977 1418 1182 1509 Blanch
1189 1463 1325 1548 pages
1342 1439 1425 1506 del
1428 1461 1562 1536 regne
1582 1437 1635 1503 de
1637 1435 1806 1538 frança
1826 1410 2018 1503 habitat

401 1562 452 1606 en
466 1517 621 1625 Bara
636 1531 704 1600 ab
720 1527 877 1606 Maria
886 1543 1037 1606 viuda
1050 1546 1108 1606 de
1132 1508 1339 1647 Batista
1359 1525 1465 1608 Vila
1471 1560 1617 1651 pages
1628 1547 1753 1621 mori
1758 1558 1816 1606 en
1828 1517 1989 1641 Ripoll

399 1638 534 1743 bisbat
546 1642 610 1709 de
615 1630 734 1705 Vich

385 1733 550 1798 Dimars
567 1746 613 1794 a
612 1741 681 1791 15
688 1709 838 1786 rebere
844 1723 911 1784 de
907 1692 1014 1784 Pau
1031 1714 1213 1786 Sabater
1217 1736 1405 1823 parayre
1421 1726 1475 1786 de
1495 1689 1649 1808 Bara
1641 1721 1765 1779 viudo
1782 1723 1849 1781 ab
1868 1697 2065 1786 Eularia

405 1817 598 1919 donsella
607 1802 729 1897 filla
748 1810 802 1872 de
852 1812 941 1877 t
998 1805 1120 1899 font
1131 1819 1279 1907 pages
1280 1810 1354 1872 del
1366 1805 1591 1904 hospitalet
1600 1807 1773 1892 defunct
1782 1832 1823 1897 y
1825 1815 1879 1875 de
1901 1800 2038 1872 Mar=

385 1916 568 2008 garida

390 2002 596 2079 Dimecres
612 2024 666 2067 a
665 1999 749 2062 16
756 1994 901 2062 rebere
907 1999 961 2057 de
975 1972 1143 2055 Antoni
1137 1967 1246 2087 Juan
1262 1970 1428 2050 Verder
1429 1980 1601 2082 fuster
1613 1977 1667 2047 de
1686 1943 1866 2084 Bara
1863 1982 1992 2050 viudo

403 2103 474 2180 ab
483 2091 642 2192 Elena
652 2099 809 2179 viuda
819 2093 892 2173 de
891 2068 1074 2165 Antoni
1084 2070 1288 2194 Gallissa
1302 2091 1497 2163 cotxero
1511 2095 1583 2159 de
1586 2057 1780 2204 Bara

393 2204 563 2308 Dijous
578 2239 623 2278 a
649 2223 711 2278 17
741 2192 901 2274 rebere
912 2209 969 2271 de
980 2182 1148 2299 Agusti
1152 2179 1437 2286 Tallaferro
1449 2211 1576 2296 pages
1600 2192 1680 2257 del
1671 2211 1803 2289 regne
1817 2197 1879 2257 de
1863 2184 2017 2284 fraça

415 2310 626 2382 habitant
650 2327 711 2382 en
726 2280 815 2373 St
804 2278 923 2397 Boy
940 2293 1011 2370 ab
1000 2288 1173 2370 Paula
1192 2295 1397 2402 donsella
1396 2295 1538 2397 filla
1568 2293 1619 2365 de
1626 2288 1833 2399 Domingo
1848 2298 1896 2358 de
1901 2278 2012 2363 Lom

405 2425 535 2513 pages
554 2418 613 2476 de
637 2394 820 2476 Sarria
814 2423 883 2498 y
889 2408 951 2476 de
980 2389 1206 2503 Elisabeth
1225 2401 1437 2493 defuncta

383 2504 643 2584 Divendres
660 2537 717 2579 a
710 2522 795 2584 18
799 2494 954 2579 rebere
963 2517 1022 2579 de
1031 2494 1211 2567 March
1232 2490 1428 2567 Colomer
1414 2497 1604 2594 sparter
1620 2492 1674 2555 de
1681 2453 1849 2589 Bara
1840 2480 1977 2550 viudo

418 2603 487 2680 ab
504 2600 802 2705 Hieronyma
821 2598 1024 2708 donsella
1023 2593 1173 2703 filla
1192 2603 1246 2665 de
1285 2583 1475 2705 Miquel
1484 2583 1674 2658 Madril
1671 2581 1922 2685 sombrarer
1926 2588 1992 2651 de

400 2679 568 2808 Bara
567 2736 631 2801 y
642 2714 701 2784 de
698 2669 888 2776 Paula

395 2805 495 2882 Dit
504 2803 596 2872 dia
615 2795 759 2870 rebere
776 2812 830 2870 de
849 2765 1140 2865 Barthomeu
1159 2775 1316 2875 Vinyes
1326 2795 1526 2890 parayre
1540 2778 1604 2848 de
1613 2753 1803 2867 Aulesa
1820 2775 1879 2840 de
1893 2743 2027 2840 Mot=

400 2896 565 2993 serrat
564 2896 671 2983 fill
678 2901 737 2959 de
738 2869 875 2961 Pere
892 2876 1054 2978 Vinyes
1053 2901 1195 2983 pages
1212 2881 1395 2973 defunct
1386 2901 1453 2973 y
1452 2884 1513 2944 de
1537 2862 1828 2966 Margarida
1840 2857 1904 2936 ab
1921 2854 2007 2936 Ur=

400 2994 533 3091 sola
539 2990 747 3091 donsella
753 2980 895 3077 filla
920 2982 974 3057 de
990 2953 1198 3052 Bertran
1210 2975 1314 3055 Sol
1331 2980 1493 3047 texidor
1510 2977 1564 3045 de
1583 2968 1647 3040 lli
1661 2977 1712 3042 de
1716 2960 1823 3040 dita
1832 2960 1972 3032 vila

403 3123 457 3180 y
453 3090 512 3161 de
542 3086 754 3187 Angela

395 3186 495 3266 Dit
506 3189 590 3266 dia
612 3167 754 3249 rebere
768 3177 830 3239 de
832 3157 996 3264 jaume
1010 3120 1165 3227 Rius
1187 3152 1243 3220 de
1262 3133 1329 3210 La
1346 3145 1483 3249 pobla
1495 3150 1551 3212 de
1550 3108 1740 3215 Pallas
1762 3133 1841 3202 del
1850 3130 2005 3244 bisbat

426 3293 492 3350 de
496 3265 636 3380 Urgell
660 3288 749 3355 vuy
736 3260 908 3367 galiot
932 3263 994 3328 de
1008 3243 1100 3323 Las
1091 3248 1291 3348 galeras
1298 3246 1387 3313 del
1399 3236 1576 3340 General
1598 3248 1649 3306 de
1656 3231 1959 3333 Cathalunya

428 3361 495 3441 ab
491 3356 674 3469 Juana
695 3332 805 3424 Box
819 3354 898 3417 del
902 3369 1047 3461 regne
1071 3349 1135 3417 de
1139 3344 1332 3446 frança
1361 3327 1574 3404 habitant
1583 3347 1654 3400 en
1664 3310 1917 3441 Bara
