2690 3794
377 301 566 377 Dimars
582 338 621 375 a
642 326 705 381 17
728 303 884 371 rebere
889 314 938 373 de
960 294 1162 399 Domingo
1176 297 1403 377 Domenech
1424 318 1664 385 treballador
1675 328 1746 389 del
1749 339 1887 418 regne
1896 328 1970 385 de

376 408 569 494 frança
594 396 815 486 habitant
814 419 875 474 en
885 400 939 482 lo
945 396 1206 499 Hospitalet
1240 396 1316 478 ab
1327 397 1584 503 Margarida
1599 423 1785 512 donsella
1789 413 1923 501 filla
1926 406 2004 486 de

395 492 566 576 Antoni
586 508 645 570 de
652 490 767 567 Uban
776 517 912 605 pages
931 498 999 568 del
1018 490 1262 595 Hospitalet
1259 533 1320 590 y
1331 509 1389 570 de
1396 482 1632 570 Bertrana

404 593 586 663 Dimecres
604 618 639 652 a
656 606 711 659 18
734 589 880 657 rebere
889 608 940 663 de
953 577 1127 659 Bernat
1140 573 1256 680 Roig
1255 612 1373 692 pages
1386 604 1433 659 de
1444 596 1586 694 Sitges
1583 591 1688 680 fill
1693 596 1747 652 de
1754 561 1970 647 Bernat

401 670 528 769 Roig
543 674 693 787 pages
692 693 719 750 #
718 679 771 744 de
781 683 938 775 Sitges
949 683 1131 765 defunct
1122 712 1184 775 y
1193 691 1242 750 de
1255 674 1395 744 Anna
1420 676 1491 738 ab
1502 668 1767 763 Hieronyma
1774 679 1984 767 donsella

384 788 522 885 filla
539 788 593 852 de
606 778 816 858 Thomas
837 770 1071 845 Torroella
1082 789 1294 845 mariner
1299 782 1354 841 de
1370 774 1525 873 Sitges
1520 805 1580 864 y
1591 784 1648 845 de
1665 772 1932 866 Hieronyma

395 869 468 937 Dit
471 880 542 935 dia
547 861 685 935 rebere
684 888 741 943 de
746 871 862 966 Luys
869 874 975 933 Oller
982 896 1097 976 pages
1106 880 1180 939 del
1183 896 1298 964 regne
1307 880 1361 933 de
1347 878 1507 972 frança
1534 867 1722 937 habitant
1726 892 1785 933 en
1800 846 1945 953 Bara

401 971 464 1028 ab
475 961 715 1053 Maryanna
730 967 920 1061 donsella
913 965 1053 1065 filla
1066 973 1117 1034 de
1110 965 1242 1059 Juan
1255 963 1409 1036 Duran
1416 989 1555 1076 pages
1565 981 1616 1036 de
1629 956 1873 1069 Puigcerda
1876 996 1942 1059 y

404 1066 454 1132 de
479 1072 520 1123 t

391 1137 528 1223 Dijous
547 1152 578 1190 a
592 1147 641 1213 19
662 1122 804 1190 rebere
825 1129 876 1188 de
885 1110 1059 1190 Antoni
1054 1124 1196 1217 feliu
1197 1141 1322 1221 pages
1333 1126 1387 1188 de
1396 1112 1555 1187 Horta
1545 1118 1666 1212 fill
1669 1127 1727 1190 de
1763 1133 1809 1192 t
1828 1120 1974 1210 feliu

395 1242 528 1333 pages
549 1230 597 1293 de
620 1211 773 1285 Horta
791 1224 936 1304 difunt
929 1247 989 1308 y
998 1226 1051 1291 de
1052 1224 1278 1310 francina
1317 1220 1397 1285 ab
1400 1212 1648 1310 Maryanna
1655 1218 1859 1320 donsella
1858 1220 2006 1312 filla

400 1321 454 1387 de
477 1305 659 1416 Miquel
684 1315 850 1418 Masot
865 1327 1045 1415 traginer
1052 1327 1107 1387 de
1112 1342 1214 1382 mar
1197 1346 1262 1408 y
1265 1329 1316 1389 de
1333 1313 1648 1422 Montserrada
1653 1303 1849 1393 defuncts

381 1396 454 1465 Dit
457 1409 524 1465 dia
531 1398 679 1470 rebere
678 1417 725 1468 de
736 1398 910 1474 Ramon
919 1409 1017 1474 Dort
1010 1419 1164 1505 ferrer
1177 1423 1242 1484 del
1241 1435 1359 1513 regne
1372 1421 1425 1482 de
1416 1427 1582 1517 frança
1607 1415 1807 1480 habitant
1812 1437 1867 1480 en
1874 1384 2010 1503 Bara

390 1497 462 1557 ab
461 1473 621 1559 Paula
634 1500 802 1592 #
807 1504 964 1565 viuda
982 1510 1037 1571 de
1028 1499 1280 1604 francesch
1297 1504 1425 1569 Simo
1432 1524 1570 1610 pages
1587 1522 1634 1577 de
1653 1483 1803 1613 Bara

394 1591 456 1654 dit
471 1589 548 1654 dia
557 1589 687 1656 rebere
706 1601 759 1660 de
783 1576 979 1658 Baldiri
998 1576 1167 1660 Ricart
1173 1616 1300 1689 pages
1319 1601 1369 1668 de
1380 1591 1465 1668 St
1466 1582 1576 1691 Boy
1577 1599 1690 1691 fill
1689 1607 1741 1665 de
1758 1570 1964 1660 Baldiri

391 1674 570 1756 Ricart
581 1705 713 1797 pages
726 1694 781 1753 de
795 1672 882 1746 St
885 1659 997 1776 Boy
986 1717 1047 1778 y
1070 1690 1123 1756 de
1149 1684 1417 1787 Margarida
1448 1688 1519 1754 ab
1500 1688 1732 1778 francina
1745 1684 1962 1781 donsella

377 1784 526 1876 filla
555 1790 605 1855 de
628 1763 836 1876 Alfonso
863 1771 1107 1880 Margarit
1114 1798 1248 1888 pages
1267 1786 1318 1851 de
1349 1767 1600 1874 Masquefa
1591 1807 1646 1863 y
1655 1784 1706 1849 de
1717 1769 1881 1872 Antiga

394 1879 462 1940 Dit
465 1877 536 1938 dia
553 1873 685 1936 rebere
706 1885 757 1940 de
758 1863 876 1942 Pere
883 1867 1019 1942 Alari
1014 1896 1150 1980 pages
1163 1883 1232 1940 del
1231 1898 1351 1965 regne
1364 1883 1411 1940 de
1404 1877 1574 1982 frança
1599 1865 1797 1938 habitant
1806 1894 1865 1936 en
1868 1862 1950 1942 St

407 1970 528 2061 Cugat
549 1972 597 2031 de
606 1952 781 2026 Vallers
805 1964 882 2029 ab
893 1947 1077 2029 Eularia
1094 1968 1270 2052 donsella
1265 1964 1397 2052 filla
1410 1974 1459 2031 de
1470 1966 1640 2029 Antoni
1657 1966 1879 2056 Castanyer
1878 1974 2016 2060 mestre

404 2066 454 2129 de
467 2064 582 2150 cases
606 2060 663 2123 de
672 2055 856 2118 Sabadell
855 2085 914 2144 y
927 2060 979 2121 de
1000 2037 1216 2162 Elisabeth
1239 2053 1463 2141 defuncts

387 2150 473 2212 Dit
491 2151 569 2212 dia
584 2142 724 2212 rebere
743 2159 793 2214 de
814 2142 1078 2238 Montserrat
1091 2138 1285 2204 Llimona
1298 2163 1488 2236 parayre
1504 2142 1554 2202 de
1567 2140 1847 2244 Sparaguera
1850 2150 1973 2210 viudo

397 2239 457 2297 ab
456 2233 640 2336 Juana
655 2237 850 2328 donsella
859 2239 994 2332 filla
1007 2241 1061 2299 de
1073 2224 1254 2299 Antoni
1272 2203 1546 2330 Broquets
1540 2250 1676 2332 pages
1693 2241 1747 2297 de
1760 2220 1948 2324 Aulesa

401 2344 455 2404 de
479 2333 744 2427 Montserrat
765 2331 945 2418 defunct
946 2357 1005 2418 y
1020 2333 1084 2391 de
1101 2310 1261 2389 Elienor

379 2436 551 2527 Dissapte
554 2453 593 2492 a
607 2430 671 2498 21
688 2418 832 2492 rebere
831 2428 887 2487 de
883 2428 1043 2515 jaume
1064 2409 1275 2488 Coromines
1286 2426 1415 2515 pages
1432 2416 1494 2475 de
1499 2380 1599 2475 St
1593 2384 1764 2485 Menat
1765 2391 1990 2479 habitant

391 2546 447 2586 en
470 2516 707 2608 Granollers
712 2516 842 2582 viudo
881 2505 948 2569 ab
940 2507 1194 2607 francesca
1203 2510 1364 2572 viuda
1376 2514 1431 2572 de
1451 2493 1627 2595 Miquel
1628 2483 1777 2571 Boxo
1787 2508 1946 2569 corder

393 2623 447 2689 de
470 2606 718 2714 Granollers

378 2705 456 2761 Dit
462 2707 536 2761 dia
544 2708 685 2757 #
529 2672 679 2720 Donare
684 2664 816 2709 llicetia
699 2714 750 2755 a
759 2666 942 2747 Bernat
959 2659 1111 2741 Badia
1128 2691 1284 2743 texidor
1297 2692 1350 2745 de
1359 2686 1417 2741 lli
1428 2687 1481 2745 de
1496 2673 1642 2763 Moya
1660 2691 1708 2747 de
1714 2687 1934 2771 Serdanya

396 2786 536 2877 bisbat
549 2786 599 2840 de
602 2774 731 2867 Urgell
726 2772 834 2863 fill
851 2776 902 2835 de
922 2749 1100 2837 Bernat
1115 2751 1255 2832 Badia
1268 2777 1419 2833 texidor
1428 2781 1477 2835 de
1494 2772 1544 2833 lli
1552 2781 1601 2833 de
1612 2774 1677 2833 dit
1687 2767 1794 2830 lloch
1778 2797 1837 2853 y
1842 2772 1910 2828 de

387 2892 539 2969 Juana
562 2871 752 2955 defuncts
773 2861 849 2923 ab
829 2867 1012 2951 Juana
1013 2840 1179 2933 Maria
1194 2862 1369 2951 donsella
1370 2866 1491 2943 filla
1522 2866 1571 2923 de
1594 2852 1850 2951 Montserrat
1853 2850 2003 2925 Sovils

396 2991 516 3077 pages
531 2974 596 3033 del
604 2974 670 3065 pla
686 2968 731 3024 de
749 2958 896 3028 Sentis
913 2968 960 3024 de
981 2954 1036 3017 dit
1052 2950 1187 3061 bisbat
1199 2963 1253 3015 de
1254 2949 1388 3050 Urgell
1401 2958 1562 3038 defunct
1563 2977 1608 3056 y
1614 2963 1672 3015 de
1678 2944 1952 3045 francisca

384 3071 458 3128 Dit
464 3074 532 3123 dia
549 3057 681 3127 rebere
691 3069 750 3125 de
748 3060 881 3144 Juan
899 3037 1044 3153 Pages
1059 3076 1184 3157 pages
1208 3069 1260 3121 de
1272 3041 1346 3121 St
1341 3035 1515 3111 Andreu
1527 3053 1579 3111 de
1594 3046 1657 3111 la
1667 3043 1788 3106 barca
1795 3044 1892 3135 fill
1887 3051 1952 3106 de

402 3156 576 3257 Miquel
580 3134 725 3243 Pages
742 3172 862 3254 pages
879 3156 943 3211 del
955 3133 1115 3249 Papiol
1119 3150 1286 3236 defunct
1281 3168 1333 3229 y
1347 3141 1400 3204 de
1423 3122 1610 3201 Eularia
1640 3141 1708 3197 ab
1724 3122 1999 3231 Magdalena

391 3253 543 3319 viuda
566 3260 618 3316 de
640 3248 856 3340 Sylvestre
875 3232 1038 3342 Esteva
1052 3258 1178 3344 pages
1203 3246 1253 3303 de
1268 3230 1340 3307 St
1343 3214 1510 3298 Andreu
1529 3242 1581 3300 de
1609 3226 1681 3293 La
1703 3223 1859 3291 barca
