2690 3794
418 290 633 364 divendres
645 315 680 359 a
706 288 747 352 6
754 273 894 357 rebere
911 286 956 357 de
958 288 1088 376 Juan
1101 279 1286 355 Molins
1286 293 1445 372 ferrer
1461 290 1508 350 de
1516 278 1661 377 Begas
1664 291 1756 376 fill
1762 290 1811 347 de
1810 297 1948 372 juan

434 385 602 444 Molins
608 382 762 476 ferrer
764 400 818 469 y
826 386 886 454 de
905 382 1173 477 Magdalena
1189 368 1263 437 ab
1272 363 1418 431 Maria
1434 364 1613 459 donsella
1602 371 1727 454 filla
1743 363 1790 428 de
1801 342 1935 425 Pau

428 465 618 560 Rafols
622 493 748 578 pages
764 476 833 540 del
851 463 1019 573 hospital
1036 466 1086 535 de
1096 456 1275 560 Aulesa
1279 483 1348 550 y
1356 465 1406 532 de
1409 459 1607 559 Juana

423 573 488 627 dit
494 568 556 634 dia
574 568 711 637 rebere
715 583 762 637 de
776 566 942 661 Miquel
958 566 1148 630 Sabaria
1150 575 1277 666 pages
1293 563 1343 628 de
1354 546 1537 652 Ripollet
1529 556 1634 642 fill
1640 559 1685 623 de
1689 534 1981 622 Barthomeu

426 653 629 725 Sabaria
634 668 765 761 pages
785 663 961 746 defunct
946 677 1003 744 y
1013 666 1073 729 de
1079 640 1238 725 Paula
1259 651 1333 713 ab
1341 644 1602 739 Maryanna
1611 638 1797 737 donsella
1806 634 1953 727 filla

433 762 488 824 de
513 753 770 856 Montserrat
781 743 961 824 Barber
967 767 1107 861 pages
1115 778 1155 858 y
1167 748 1224 817 de
1264 755 1316 817 t
1361 737 1579 835 defuncts

431 850 599 943 dissapte
611 877 645 921 a
652 867 694 927 7
703 836 860 922 rebere
849 853 894 922 de
909 855 1064 956 jaume
1082 843 1270 924 Alomar
1286 843 1481 944 calafat
1487 843 1629 915 viudo
1636 836 1843 914 habitant
1852 852 1960 907 en

433 933 580 1027 Bara
582 945 651 1019 ab
664 942 932 1054 Margarida
936 943 1095 1022 viuda
1109 955 1163 1026 de
1169 929 1340 1024 Antoni
1351 946 1588 1059 Casanoves
1589 938 1785 1059 pescador
1789 948 1848 1022 de
1862 913 2011 1043 Bara

425 1040 478 1105 dit
487 1047 551 1105 dia
557 1028 696 1109 rebere
691 1053 742 1111 de
735 1050 857 1131 Juan
870 1045 978 1119 Mas
984 1058 1093 1136 pages
1108 1043 1161 1107 de
1169 1028 1231 1109 St
1237 1042 1374 1105 Menat
1381 1043 1474 1124 fill
1487 1047 1534 1105 de
1531 1050 1670 1138 Juan
1680 1045 1789 1119 Mas
1791 1040 1952 1144 pages

426 1130 585 1211 defunct
589 1157 643 1218 y
652 1133 706 1201 de
737 1121 899 1201 Elienor
921 1135 983 1197 ab
1007 1118 1234 1221 Elisabeth
1252 1126 1432 1231 donsella
1436 1118 1578 1227 filla
1590 1138 1646 1201 de
1653 1113 1860 1201 Bernat
1876 1121 2025 1199 Oriach

423 1230 566 1330 pages
554 1254 609 1317 y
623 1237 680 1304 de
701 1220 981 1326 Margarida
999 1237 1097 1301 tots
1106 1228 1160 1299 de
1170 1235 1265 1306 dita
1276 1225 1503 1336 parrochia

428 1333 487 1394 dit
487 1329 560 1394 dia
572 1318 707 1392 rebere
700 1339 747 1394 de
769 1325 1017 1414 Montserrat
1028 1322 1209 1406 Colomer
1211 1345 1330 1428 pages
1332 1330 1386 1396 de
1390 1322 1639 1401 Viladecans
1638 1322 1772 1396 viudo
1781 1322 1850 1389 ab
1856 1315 1982 1391 Cathe=

416 1425 536 1494 rina
549 1423 707 1491 viuda
713 1418 770 1492 de
769 1427 927 1520 jaume
953 1412 1146 1496 Llondra
1164 1430 1273 1501 oller
1285 1434 1336 1498 de
1339 1425 1386 1499 la
1392 1420 1627 1535 parrochia
1641 1423 1690 1507 de
1708 1434 1850 1518 Quart
1850 1422 1986 1535 bisbat

428 1522 485 1591 de
496 1513 667 1618 Girona

428 1612 485 1681 dit
492 1620 558 1682 dia
569 1607 711 1684 rebere
705 1622 752 1679 de
769 1602 1007 1669 Alexandre
1013 1580 1204 1669 Blanch
1216 1600 1369 1671 hortola
1378 1603 1433 1671 de
1429 1594 1608 1695 Vilassar
1612 1595 1804 1671 habitant
1813 1615 1868 1667 en
1887 1578 2034 1684 Bara

416 1707 509 1793 fill
519 1714 568 1779 de
574 1710 730 1811 jaume
746 1676 937 1769 Blanch
936 1694 1090 1791 fuster
1104 1700 1156 1765 de
1160 1690 1349 1798 Vilassar
1339 1729 1391 1788 y
1400 1702 1454 1769 de
1463 1695 1685 1762 Catherina
1697 1700 1896 1788 defuncts
1915 1698 1982 1765 ab

414 1799 582 1900 Juana
588 1804 742 1869 viuda
754 1795 810 1866 de
815 1804 944 1894 juan
950 1780 1110 1871 Pomes
1133 1788 1302 1869 hortola
1310 1809 1364 1864 de
1378 1777 1530 1876 Bara

426 1904 487 1973 dit
487 1907 561 1976 dia
574 1892 716 1976 rebere
725 1909 775 1969 de
769 1897 1012 2001 francesch
1021 1897 1148 1973 Soler
1140 1897 1292 2012 pages
1290 1906 1341 1969 de
1357 1904 1588 2003 Sanahuja
1604 1885 1814 1971 habitant
1818 1924 1890 1969 en
1898 1877 1989 1971 St

427 2019 558 2110 juan
565 2000 699 2108 despi
703 1999 814 2104 fill
829 2002 874 2073 de
898 1997 1146 2098 Hieronym
1155 2000 1297 2080 Soler
1300 2011 1438 2105 pages
1427 2018 1489 2097 y
1490 2011 1550 2076 de
1570 1990 1807 2075 Catherina
1818 1992 2025 2095 defuncts

421 2118 500 2188 ab
509 2092 702 2220 Angela
715 2106 910 2209 donsella
909 2111 1042 2205 filla
1055 2114 1114 2183 de
1103 2102 1233 2212 Jua
1228 2089 1408 2181 Boria
1405 2123 1552 2215 pages
1563 2114 1617 2181 de
1633 2096 1809 2195 Aulesa
1823 2113 1875 2175 de
1896 2097 2025 2183 Mot=

411 2223 583 2324 serrat
574 2245 636 2326 y
639 2236 692 2294 de
712 2208 893 2295 Eularia
912 2208 1173 2312 defuncts

421 2318 478 2388 dit
492 2323 561 2380 dia
572 2308 702 2380 rebere
703 2320 755 2382 de
771 2309 922 2387 Vicens
953 2316 1100 2380 Sueix
1108 2308 1240 2377 veler
1239 2309 1294 2373 de
1298 2298 1371 2377 St
1364 2308 1540 2378 Andreu
1548 2316 1612 2375 de
1612 2291 1812 2377 Palomar
1821 2277 1994 2370 habitat

418 2432 481 2482 en
503 2386 653 2494 Bara
647 2400 752 2491 fill
764 2406 818 2477 de
839 2394 995 2478 Vicens
1016 2393 1163 2472 Sueix
1167 2420 1294 2511 pages
1305 2411 1355 2475 de
1366 2391 1440 2472 St
1444 2390 1602 2476 Marti
1607 2408 1659 2472 de
1667 2387 1946 2492 prohensals

414 2510 597 2601 defunct
591 2534 651 2604 y
659 2518 707 2575 de
719 2498 957 2572 Catherina
980 2505 1044 2574 ab
1052 2488 1291 2607 Apollonia
1303 2490 1484 2568 Ventura
1494 2498 1695 2582 donsella
1686 2493 1828 2582 filla
1837 2486 1948 2560 de

406 2605 556 2711 Juan
563 2590 723 2674 Marti
724 2618 867 2703 pages
888 2605 942 2670 de
965 2581 1112 2689 Bara
1118 2622 1171 2686 y
1186 2598 1246 2664 de
1264 2588 1447 2689 Angela
1471 2581 1680 2684 defuncts

418 2702 490 2764 dit
496 2702 573 2767 dia
582 2702 718 2772 rebere
735 2712 794 2765 de
802 2688 1000 2764 Arnau
1007 2680 1250 2794 Broquera
1254 2708 1379 2797 pages
1390 2698 1464 2767 del
1471 2705 1608 2793 regne
1626 2693 1680 2758 de
1686 2688 1875 2788 fransa
1884 2680 2016 2753 habi=

416 2803 517 2860 tant
528 2817 590 2860 en
599 2792 655 2859 lo
681 2771 794 2852 Prat
822 2783 894 2860 ab
898 2783 1165 2886 Magdalena
1183 2788 1369 2872 donsella
1359 2790 1500 2876 filla
1507 2795 1557 2855 de
1563 2793 1722 2882 jaume
1731 2768 1885 2864 Vinyes
1893 2788 2031 2879 pages

418 2890 475 2954 de
486 2888 621 2988 Gava
635 2888 820 2971 defunct
809 2905 867 2974 y
873 2898 932 2961 de
938 2887 1232 2983 Magdalena

421 2966 558 3032 dilluns
571 2990 611 3032 a
617 2982 677 3054 9
689 2966 838 3042 rebere
839 2983 898 3040 de
912 2960 1088 3042 Bernat
1104 2966 1265 3068 Tatger
1279 2978 1420 3066 pages
1425 2970 1479 3032 de
1488 2960 1639 3032 Cellent
1651 2953 1726 3025 del
1731 2954 1868 3057 bisbat
1888 2951 1950 3020 de

414 3051 531 3135 Vich
554 3063 750 3135 habitant
751 3087 814 3135 en
827 3058 969 3130 horta
973 3058 1083 3154 fill
1094 3075 1148 3135 de
1157 3061 1301 3154 feliu
1310 3063 1483 3161 Tatger
1485 3072 1620 3171 pages
1602 3082 1665 3151 y
1675 3063 1736 3125 de
1755 3049 1953 3151 juana

416 3163 616 3242 defuncts
635 3158 707 3222 ab
724 3155 993 3247 Magdalena
1013 3156 1182 3247 dosella
1177 3158 1314 3249 filla
1334 3163 1391 3232 de
1395 3155 1542 3261 Juan
1548 3151 1763 3236 Alomar
1760 3153 1952 3264 pages

421 3253 473 3319 de
484 3251 604 3326 horta
628 3255 803 3346 defunct
804 3285 874 3348 y
890 3251 952 3322 de
977 3245 1229 3322 Mathiana
