<?xml version="1.0" encoding="utf-8"?>
<PcGts xmlns="http://schema.primaresearch.org/PAGE/gts/pagecontent/2013-07-15">
  <Metadata>
    <Creator>GeneraPageCompeition</Creator>
    <Created>2017-11-30T18:34:47Z</Created>
    <LastChange>2017-11-30T18:34:47Z</LastChange>
  </Metadata>
  <Page imageFilename="Volum_069_Registres_0070.jpg" imageHeight="3794" imageWidth="2690">
    <Property key="idPage" value="10420"/>
    <TextRegion id="Record1">
      <Coords points="0,0 0,0"/>
      <TextLine id="Record1_Line0">
        <Coords points="0,0 0,0"/>
        <Word id="Record1_Line0_Word0">
          <Property key="category" value="other"/>
          <Property key="person" value="none"/>
          <Coords points="370,316 600,316 600,398 370,398"/>
          <TextEquiv>
            <Unicode>Divendres</Unicode>
          </TextEquiv>
        </Word>
        <Word id="Record1_Line0_Word1">
          <Property key="category" value="other"/>
          <Property key="person" value="none"/>
          <Coords points="617,352 651,352 651,391 617,391"/>
          <TextEquiv>
            <Unicode>a</Unicode>
          </TextEquiv>
        </Word>
        <Word id="Record1_Line0_Word2">
          <Property key="category" value="other"/>
          <Property key="person" value="none"/>
          <Coords points="654,357 703,357 703,410 654,410"/>
          <TextEquiv>
            <Unicode>9</Unicode>
          </TextEquiv>
        </Word>
        <Word id="Record1_Line0_Word3">
          <Property key="category" value="other"/>
          <Property key="person" value="none"/>
          <Coords points="718,314 864,314 864,387 718,387"/>
          <TextEquiv>
            <Unicode>rebere</Unicode>
          </TextEquiv>
        </Word>
        <Word id="Record1_Line0_Word4">
          <Property key="category" value="other"/>
          <Property key="person" value="none"/>
          <Coords points="883,328 930,328 930,382 883,382"/>
          <TextEquiv>
            <Unicode>de</Unicode>
          </TextEquiv>
        </Word>
        <Word id="Record1_Line0_Word5">
          <Property key="category" value="other"/>
          <Property key="person" value="none"/>
          <Coords points="952,321 1027,321 1027,381 952,381"/>
          <TextEquiv>
            <Unicode>mr</Unicode>
          </TextEquiv>
        </Word>
        <Word id="Record1_Line0_Word6">
          <Property key="category" value="name"/>
          <Property key="person" value="husband"/>
          <Coords points="1014,321 1253,321 1253,408 1014,408"/>
          <TextEquiv>
            <Unicode>francesch</Unicode>
          </TextEquiv>
        </Word>
        <Word id="Record1_Line0_Word7">
          <Property key="category" value="surname"/>
          <Property key="person" value="husband"/>
          <Coords points="1271,303 1508,303 1508,386 1271,386"/>
          <TextEquiv>
            <Unicode>Pomadera</Unicode>
          </TextEquiv>
        </Word>
        <Word id="Record1_Line0_Word8">
          <Property key="category" value="occupation"/>
          <Property key="person" value="husband"/>
          <Coords points="1521,338 1723,338 1723,413 1521,413"/>
          <TextEquiv>
            <Unicode>negociant</Unicode>
          </TextEquiv>
        </Word>
        <Word id="Record1_Line0_Word9">
          <Property key="category" value="other"/>
          <Property key="person" value="none"/>
          <Coords points="1741,328 1793,328 1793,384 1741,384"/>
          <TextEquiv>
            <Unicode>de</Unicode>
          </TextEquiv>
        </Word>
        <Word id="Record1_Line0_Word10">
          <Property key="category" value="location"/>
          <Property key="person" value="husband"/>
          <Coords points="1801,303 1946,303 1946,401 1801,401"/>
          <TextEquiv>
            <Unicode>Bara</Unicode>
          </TextEquiv>
        </Word>
        <Word id="Record1_Line0_Word11">
          <Property key="category" value="other"/>
          <Property key="person" value="none"/>
          <Coords points="1926,321 2024,321 2024,405 1926,405"/>
          <TextEquiv>
            <Unicode>fill</Unicode>
          </TextEquiv>
        </Word>
      </TextLine>
      <TextLine id="Record1_Line1">
        <Coords points="0,0 0,0"/>
        <Word id="Record1_Line1_Word0">
          <Property key="category" value="other"/>
          <Property key="person" value="none"/>
          <Coords points="398,423 447,423 447,482 398,482"/>
          <TextEquiv>
            <Unicode>de</Unicode>
          </TextEquiv>
        </Word>
        <Word id="Record1_Line1_Word1">
          <Property key="category" value="name"/>
          <Property key="person" value="husbands_father"/>
          <Coords points="445,419 660,419 660,503 445,503"/>
          <TextEquiv>
            <Unicode>francesch</Unicode>
          </TextEquiv>
        </Word>
        <Word id="Record1_Line1_Word2">
          <Property key="category" value="surname"/>
          <Property key="person" value="husbands_father"/>
          <Coords points="668,404 903,404 903,477 668,477"/>
          <TextEquiv>
            <Unicode>Pomadera</Unicode>
          </TextEquiv>
        </Word>
        <Word id="Record1_Line1_Word3">
          <Property key="category" value="occupation"/>
          <Property key="person" value="husbands_father"/>
          <Coords points="911,419 1049,419 1049,472 911,472"/>
          <TextEquiv>
            <Unicode>notari</Unicode>
          </TextEquiv>
        </Word>
        <Word id="Record1_Line1_Word4">
          <Property key="category" value="other"/>
          <Property key="person" value="none"/>
          <Coords points="1037,442 1091,442 1091,493 1037,493"/>
          <TextEquiv>
            <Unicode>y</Unicode>
          </TextEquiv>
        </Word>
        <Word id="Record1_Line1_Word5">
          <Property key="category" value="other"/>
          <Property key="person" value="none"/>
          <Coords points="1103,419 1153,419 1153,477 1103,477"/>
          <TextEquiv>
            <Unicode>de</Unicode>
          </TextEquiv>
        </Word>
        <Word id="Record1_Line1_Word6">
          <Property key="category" value="name"/>
          <Property key="person" value="husbands_mother"/>
          <Coords points="1172,409 1451,409 1451,500 1172,500"/>
          <TextEquiv>
            <Unicode>Maryangela</Unicode>
          </TextEquiv>
        </Word>
        <Word id="Record1_Line1_Word7">
          <Property key="category" value="other"/>
          <Property key="person" value="none"/>
          <Coords points="1461,411 1655,411 1655,491 1461,491"/>
          <TextEquiv>
            <Unicode>defuncta</Unicode>
          </TextEquiv>
        </Word>
        <Word id="Record1_Line1_Word8">
          <Property key="category" value="other"/>
          <Property key="person" value="none"/>
          <Coords points="1674,407 1735,407 1735,467 1674,467"/>
          <TextEquiv>
            <Unicode>ab</Unicode>
          </TextEquiv>
        </Word>
        <Word id="Record1_Line1_Word9">
          <Property key="category" value="name"/>
          <Property key="person" value="wife"/>
          <Coords points="1752,402 1992,402 1992,465 1752,465"/>
          <TextEquiv>
            <Unicode>Catherina</Unicode>
          </TextEquiv>
        </Word>
      </TextLine>
      <TextLine id="Record1_Line2">
        <Coords points="0,0 0,0"/>
        <Word id="Record1_Line2_Word0">
          <Property key="category" value="state"/>
          <Property key="person" value="wife"/>
          <Coords points="400,512 589,512 589,601 400,601"/>
          <TextEquiv>
            <Unicode>donsella</Unicode>
          </TextEquiv>
        </Word>
        <Word id="Record1_Line2_Word1">
          <Property key="category" value="other"/>
          <Property key="person" value="none"/>
          <Coords points="599,504 735,504 735,593 599,593"/>
          <TextEquiv>
            <Unicode>filla</Unicode>
          </TextEquiv>
        </Word>
        <Word id="Record1_Line2_Word2">
          <Property key="category" value="other"/>
          <Property key="person" value="none"/>
          <Coords points="753,504 804,504 804,567 753,567"/>
          <TextEquiv>
            <Unicode>de</Unicode>
          </TextEquiv>
        </Word>
        <Word id="Record1_Line2_Word3">
          <Property key="category" value="name"/>
          <Property key="person" value="wifes_father"/>
          <Coords points="820,500 1011,500 1011,591 820,591"/>
          <TextEquiv>
            <Unicode>Sebastia</Unicode>
          </TextEquiv>
        </Word>
        <Word id="Record1_Line2_Word4">
          <Property key="category" value="surname"/>
          <Property key="person" value="wifes_father"/>
          <Coords points="1042,490 1253,490 1253,560 1042,560"/>
          <TextEquiv>
            <Unicode>Matevat</Unicode>
          </TextEquiv>
        </Word>
        <Word id="Record1_Line2_Word5">
          <Property key="category" value="occupation"/>
          <Property key="person" value="wifes_father"/>
          <Coords points="1253,508 1446,508 1446,593 1253,593"/>
          <TextEquiv>
            <Unicode>stamper</Unicode>
          </TextEquiv>
        </Word>
        <Word id="Record1_Line2_Word6">
          <Property key="category" value="other"/>
          <Property key="person" value="none"/>
          <Coords points="1452,502 1503,502 1503,555 1452,555"/>
          <TextEquiv>
            <Unicode>de</Unicode>
          </TextEquiv>
        </Word>
        <Word id="Record1_Line2_Word7">
          <Property key="category" value="location"/>
          <Property key="person" value="wifes_father"/>
          <Coords points="1509,475 1648,475 1648,578 1509,578"/>
          <TextEquiv>
            <Unicode>Bara</Unicode>
          </TextEquiv>
        </Word>
        <Word id="Record1_Line2_Word8">
          <Property key="category" value="other"/>
          <Property key="person" value="none"/>
          <Coords points="1629,519 1685,519 1685,579 1629,579"/>
          <TextEquiv>
            <Unicode>y</Unicode>
          </TextEquiv>
        </Word>
        <Word id="Record1_Line2_Word9">
          <Property key="category" value="other"/>
          <Property key="person" value="none"/>
          <Coords points="1700,500 1751,500 1751,557 1700,557"/>
          <TextEquiv>
            <Unicode>de</Unicode>
          </TextEquiv>
        </Word>
        <Word id="Record1_Line2_Word10">
          <Property key="category" value="name"/>
          <Property key="person" value="wifes_mother"/>
          <Coords points="1766,478 1914,478 1914,551 1766,551"/>
          <TextEquiv>
            <Unicode>Paula</Unicode>
          </TextEquiv>
        </Word>
      </TextLine>
    </TextRegion>
    <TextRegion id="Record2">
      <Coords points="0,0 0,0"/>
      <TextLine id="Record2_Line0">
        <Coords points="0,0 0,0"/>
        <Word id="Record2_Line0_Word0">
          <Property key="category" value="other"/>
          <Property key="person" value="none"/>
          <Coords points="383,596 460,596 460,660 383,660"/>
          <TextEquiv>
            <Unicode>Dit</Unicode>
          </TextEquiv>
        </Word>
        <Word id="Record2_Line0_Word1">
          <Property key="category" value="other"/>
          <Property key="person" value="none"/>
          <Coords points="461,602 527,602 527,660 461,660"/>
          <TextEquiv>
            <Unicode>dia</Unicode>
          </TextEquiv>
        </Word>
        <Word id="Record2_Line0_Word2">
          <Property key="category" value="other"/>
          <Property key="person" value="none"/>
          <Coords points="535,592 667,592 667,655 535,655"/>
          <TextEquiv>
            <Unicode>rebere</Unicode>
          </TextEquiv>
        </Word>
        <Word id="Record2_Line0_Word3">
          <Property key="category" value="other"/>
          <Property key="person" value="none"/>
          <Coords points="679,592 731,592 731,659 679,659"/>
          <TextEquiv>
            <Unicode>de</Unicode>
          </TextEquiv>
        </Word>
        <Word id="Record2_Line0_Word4">
          <Property key="category" value="name"/>
          <Property key="person" value="husband"/>
          <Coords points="732,606 882,606 882,683 732,683"/>
          <TextEquiv>
            <Unicode>jaume</Unicode>
          </TextEquiv>
        </Word>
        <Word id="Record2_Line0_Word5">
          <Property key="category" value="surname"/>
          <Property key="person" value="husband"/>
          <Coords points="899,592 1127,592 1127,690 899,690"/>
          <TextEquiv>
            <Unicode>Casamada</Unicode>
          </TextEquiv>
        </Word>
        <Word id="Record2_Line0_Word6">
          <Property key="category" value="occupation"/>
          <Property key="person" value="husband"/>
          <Coords points="1134,588 1290,588 1290,648 1134,648"/>
          <TextEquiv>
            <Unicode>texidor</Unicode>
          </TextEquiv>
        </Word>
        <Word id="Record2_Line0_Word7">
          <Property key="category" value="occupation"/>
          <Property key="person" value="husband"/>
          <Coords points="1298,596 1343,596 1343,648 1298,648"/>
          <TextEquiv>
            <Unicode>de</Unicode>
          </TextEquiv>
        </Word>
        <Word id="Record2_Line0_Word8">
          <Property key="category" value="occupation"/>
          <Property key="person" value="husband"/>
          <Coords points="1360,590 1412,590 1412,648 1360,648"/>
          <TextEquiv>
            <Unicode>lli</Unicode>
          </TextEquiv>
        </Word>
        <Word id="Record2_Line0_Word9">
          <Property key="category" value="other"/>
          <Property key="person" value="none"/>
          <Coords points="1420,592 1472,592 1472,653 1420,653"/>
          <TextEquiv>
            <Unicode>de</Unicode>
          </TextEquiv>
        </Word>
        <Word id="Record2_Line0_Word10">
          <Property key="category" value="location"/>
          <Property key="person" value="husband"/>
          <Coords points="1480,590 1685,590 1685,683 1480,683"/>
          <TextEquiv>
            <Unicode>Castellar</Unicode>
          </TextEquiv>
        </Word>
        <Word id="Record2_Line0_Word11">
          <Property key="category" value="other"/>
          <Property key="person" value="none"/>
          <Coords points="1702,581 1903,581 1903,645 1702,645"/>
          <TextEquiv>
            <Unicode>habitant</Unicode>
          </TextEquiv>
        </Word>
        <Word id="Record2_Line0_Word12">
          <Property key="category" value="other"/>
          <Property key="person" value="none"/>
          <Coords points="1909,606 1994,606 1994,648 1909,648"/>
          <TextEquiv>
            <Unicode>en</Unicode>
          </TextEquiv>
        </Word>
      </TextLine>
      <TextLine id="Record2_Line1">
        <Coords points="0,0 0,0"/>
        <Word id="Record2_Line1_Word0">
          <Property key="category" value="location"/>
          <Property key="person" value="husband"/>
          <Coords points="409,685 586,685 586,752 409,752"/>
          <TextEquiv>
            <Unicode>Mataro</Unicode>
          </TextEquiv>
        </Word>
        <Word id="Record2_Line1_Word1">
          <Property key="category" value="other"/>
          <Property key="person" value="none"/>
          <Coords points="581,680 687,680 687,767 581,767"/>
          <TextEquiv>
            <Unicode>fill</Unicode>
          </TextEquiv>
        </Word>
        <Word id="Record2_Line1_Word2">
          <Property key="category" value="other"/>
          <Property key="person" value="none"/>
          <Coords points="691,684 738,684 738,740 691,740"/>
          <TextEquiv>
            <Unicode>de</Unicode>
          </TextEquiv>
        </Word>
        <Word id="Record2_Line1_Word3">
          <Property key="category" value="name"/>
          <Property key="person" value="husbands_father"/>
          <Coords points="750,687 910,687 910,769 750,769"/>
          <TextEquiv>
            <Unicode>jaume</Unicode>
          </TextEquiv>
        </Word>
        <Word id="Record2_Line1_Word4">
          <Property key="category" value="surname"/>
          <Property key="person" value="husbands_father"/>
          <Coords points="916,680 1157,680 1157,776 916,776"/>
          <TextEquiv>
            <Unicode>Casamada</Unicode>
          </TextEquiv>
        </Word>
        <Word id="Record2_Line1_Word5">
          <Property key="category" value="occupation"/>
          <Property key="person" value="husbands_father"/>
          <Coords points="1165,692 1301,692 1301,776 1165,776"/>
          <TextEquiv>
            <Unicode>pages</Unicode>
          </TextEquiv>
        </Word>
        <Word id="Record2_Line1_Word6">
          <Property key="category" value="other"/>
          <Property key="person" value="none"/>
          <Coords points="1314,675 1375,675 1375,740 1314,740"/>
          <TextEquiv>
            <Unicode>de</Unicode>
          </TextEquiv>
        </Word>
        <Word id="Record2_Line1_Word7">
          <Property key="category" value="location"/>
          <Property key="person" value="husbands_father"/>
          <Coords points="1390,677 1582,677 1582,767 1390,767"/>
          <TextEquiv>
            <Unicode>Castellar</Unicode>
          </TextEquiv>
        </Word>
        <Word id="Record2_Line1_Word8">
          <Property key="category" value="other"/>
          <Property key="person" value="none"/>
          <Coords points="1581,699 1630,699 1630,774 1581,774"/>
          <TextEquiv>
            <Unicode>y</Unicode>
          </TextEquiv>
        </Word>
        <Word id="Record2_Line1_Word9">
          <Property key="category" value="other"/>
          <Property key="person" value="none"/>
          <Coords points="1638,682 1693,682 1693,738 1638,738"/>
          <TextEquiv>
            <Unicode>de</Unicode>
          </TextEquiv>
        </Word>
        <Word id="Record2_Line1_Word10">
          <Property key="category" value="name"/>
          <Property key="person" value="husbands_mother"/>
          <Coords points="1702,654 1880,654 1880,738 1702,738"/>
          <TextEquiv>
            <Unicode>Beneta</Unicode>
          </TextEquiv>
        </Word>
        <Word id="Record2_Line1_Word11">
          <Property key="category" value="other"/>
          <Property key="person" value="none"/>
          <Coords points="1895,649 2038,649 2038,759 1895,759"/>
          <TextEquiv>
            <Unicode>defucts</Unicode>
          </TextEquiv>
        </Word>
      </TextLine>
      <TextLine id="Record2_Line2">
        <Coords points="0,0 0,0"/>
        <Word id="Record2_Line2_Word0">
          <Property key="category" value="other"/>
          <Property key="person" value="none"/>
          <Coords points="400,782 476,782 476,845 400,845"/>
          <TextEquiv>
            <Unicode>ab</Unicode>
          </TextEquiv>
        </Word>
        <Word id="Record2_Line2_Word1">
          <Property key="category" value="name"/>
          <Property key="person" value="wife"/>
          <Coords points="485,772 648,772 648,840 485,840"/>
          <TextEquiv>
            <Unicode>Maria</Unicode>
          </TextEquiv>
        </Word>
        <Word id="Record2_Line2_Word2">
          <Property key="category" value="state"/>
          <Property key="person" value="wife"/>
          <Coords points="663,768 850,768 850,864 663,864"/>
          <TextEquiv>
            <Unicode>donsella</Unicode>
          </TextEquiv>
        </Word>
        <Word id="Record2_Line2_Word3">
          <Property key="category" value="other"/>
          <Property key="person" value="none"/>
          <Coords points="842,773 972,773 972,861 842,861"/>
          <TextEquiv>
            <Unicode>filla</Unicode>
          </TextEquiv>
        </Word>
        <Word id="Record2_Line2_Word4">
          <Property key="category" value="other"/>
          <Property key="person" value="none"/>
          <Coords points="984,775 1033,775 1033,837 984,837"/>
          <TextEquiv>
            <Unicode>de</Unicode>
          </TextEquiv>
        </Word>
        <Word id="Record2_Line2_Word5">
          <Property key="category" value="name"/>
          <Property key="person" value="wifes_father"/>
          <Coords points="1042,756 1160,756 1160,831 1042,831"/>
          <TextEquiv>
            <Unicode>Pere</Unicode>
          </TextEquiv>
        </Word>
        <Word id="Record2_Line2_Word6">
          <Property key="category" value="name"/>
          <Property key="person" value="wifes_father"/>
          <Coords points="1165,753 1274,753 1274,835 1165,835"/>
          <TextEquiv>
            <Unicode>Pau</Unicode>
          </TextEquiv>
        </Word>
        <Word id="Record2_Line2_Word7">
          <Property key="category" value="surname"/>
          <Property key="person" value="wifes_father"/>
          <Coords points="1285,746 1407,746 1407,831 1285,831"/>
          <TextEquiv>
            <Unicode>Ros</Unicode>
          </TextEquiv>
        </Word>
        <Word id="Record2_Line2_Word8">
          <Property key="category" value="occupation"/>
          <Property key="person" value="wifes_father"/>
          <Coords points="1393,770 1565,770 1565,862 1393,862"/>
          <TextEquiv>
            <Unicode>fuster</Unicode>
          </TextEquiv>
        </Word>
        <Word id="Record2_Line2_Word9">
          <Property key="category" value="other"/>
          <Property key="person" value="none"/>
          <Coords points="1578,768 1625,768 1625,828 1578,828"/>
          <TextEquiv>
            <Unicode>de</Unicode>
          </TextEquiv>
        </Word>
        <Word id="Record2_Line2_Word10">
          <Property key="category" value="location"/>
          <Property key="person" value="wifes_father"/>
          <Coords points="1640,758 1829,758 1829,826 1640,826"/>
          <TextEquiv>
            <Unicode>Mataro</Unicode>
          </TextEquiv>
        </Word>
        <Word id="Record2_Line2_Word11">
          <Property key="category" value="other"/>
          <Property key="person" value="none"/>
          <Coords points="1831,784 1889,784 1889,852 1831,852"/>
          <TextEquiv>
            <Unicode>y</Unicode>
          </TextEquiv>
        </Word>
        <Word id="Record2_Line2_Word12">
          <Property key="category" value="other"/>
          <Property key="person" value="none"/>
          <Coords points="1895,758 1983,758 1983,819 1895,819"/>
          <TextEquiv>
            <Unicode>de</Unicode>
          </TextEquiv>
        </Word>
      </TextLine>
      <TextLine id="Record2_Line3">
        <Coords points="0,0 0,0"/>
        <Word id="Record2_Line3_Word0">
          <Property key="category" value="name"/>
          <Property key="person" value="wifes_mother"/>
          <Coords points="404,866 561,866 561,932 404,932"/>
          <TextEquiv>
            <Unicode>Maria</Unicode>
          </TextEquiv>
        </Word>
      </TextLine>
    </TextRegion>
    <TextRegion id="Record3">
      <Coords points="0,0 0,0"/>
      <TextLine id="Record3_Line0">
        <Coords points="0,0 0,0"/>
        <Word id="Record3_Line0_Word0">
          <Property key="category" value="other"/>
          <Property key="person" value="none"/>
          <Coords points="398,941 591,941 591,1030 398,1030"/>
          <TextEquiv>
            <Unicode>Dissapte#</Unicode>
          </TextEquiv>
        </Word>
        <Word id="Record3_Line0_Word1">
          <Property key="category" value="other"/>
          <Property key="person" value="none"/>
          <Coords points="603,953 634,953 634,987 603,987"/>
          <TextEquiv>
            <Unicode>a</Unicode>
          </TextEquiv>
        </Word>
        <Word id="Record3_Line0_Word2">
          <Property key="category" value="other"/>
          <Property key="person" value="none"/>
          <Coords points="657,950 704,950 704,987 657,987"/>
          <TextEquiv>
            <Unicode>10</Unicode>
          </TextEquiv>
        </Word>
        <Word id="Record3_Line0_Word3">
          <Property key="category" value="other"/>
          <Property key="person" value="none"/>
          <Coords points="723,918 871,918 871,985 723,985"/>
          <TextEquiv>
            <Unicode>rebere</Unicode>
          </TextEquiv>
        </Word>
        <Word id="Record3_Line0_Word4">
          <Property key="category" value="other"/>
          <Property key="person" value="none"/>
          <Coords points="877,925 946,925 946,985 877,985"/>
          <TextEquiv>
            <Unicode>del</Unicode>
          </TextEquiv>
        </Word>
        <Word id="Record3_Line0_Word5">
          <Property key="category" value="other"/>
          <Property key="person" value="none"/>
          <Coords points="952,903 1026,903 1026,980 952,980"/>
          <TextEquiv>
            <Unicode>Sr</Unicode>
          </TextEquiv>
        </Word>
        <Word id="Record3_Line0_Word6">
          <Property key="category" value="other"/>
          <Property key="person" value="none"/>
          <Coords points="1016,912 1125,912 1125,999 1016,999"/>
          <TextEquiv>
            <Unicode>msr</Unicode>
          </TextEquiv>
        </Word>
        <Word id="Record3_Line0_Word7">
          <Property key="category" value="name"/>
          <Property key="person" value="husband"/>
          <Coords points="1129,912 1290,912 1290,985 1129,985"/>
          <TextEquiv>
            <Unicode>Narcis</Unicode>
          </TextEquiv>
        </Word>
        <Word id="Record3_Line0_Word8">
          <Property key="category" value="surname"/>
          <Property key="person" value="husband"/>
          <Coords points="1303,906 1490,906 1490,980 1303,980"/>
          <TextEquiv>
            <Unicode>Peralta</Unicode>
          </TextEquiv>
        </Word>
        <Word id="Record3_Line0_Word9">
          <Property key="category" value="other"/>
          <Property key="person" value="none"/>
          <Coords points="1495,927 1545,927 1545,978 1495,978"/>
          <TextEquiv>
            <Unicode>de</Unicode>
          </TextEquiv>
        </Word>
        <Word id="Record3_Line0_Word10">
          <Property key="category" value="location"/>
          <Property key="person" value="husband"/>
          <Coords points="1553,893 1708,893 1708,999 1553,999"/>
          <TextEquiv>
            <Unicode>Bara</Unicode>
          </TextEquiv>
        </Word>
        <Word id="Record3_Line0_Word11">
          <Property key="category" value="other"/>
          <Property key="person" value="none"/>
          <Coords points="1688,912 1793,912 1793,999 1688,999"/>
          <TextEquiv>
            <Unicode>fill</Unicode>
          </TextEquiv>
        </Word>
        <Word id="Record3_Line0_Word12">
          <Property key="category" value="other"/>
          <Property key="person" value="none"/>
          <Coords points="1794,918 1847,918 1847,973 1794,973"/>
          <TextEquiv>
            <Unicode>de</Unicode>
          </TextEquiv>
        </Word>
        <Word id="Record3_Line0_Word13">
          <Property key="category" value="name"/>
          <Property key="person" value="husbands_father"/>
          <Coords points="1844,920 2001,920 2001,1004 1844,1004"/>
          <TextEquiv>
            <Unicode>jaume</Unicode>
          </TextEquiv>
        </Word>
      </TextLine>
      <TextLine id="Record3_Line1">
        <Coords points="0,0 0,0"/>
        <Word id="Record3_Line1_Word0">
          <Property key="category" value="surname"/>
          <Property key="person" value="husbands_father"/>
          <Coords points="395,1006 575,1006 575,1085 395,1085"/>
          <TextEquiv>
            <Unicode>Peralta</Unicode>
          </TextEquiv>
        </Word>
        <Word id="Record3_Line1_Word1">
          <Property key="category" value="occupation"/>
          <Property key="person" value="husbands_father"/>
          <Coords points="581,1019 729,1019 729,1080 581,1080"/>
          <TextEquiv>
            <Unicode>notari</Unicode>
          </TextEquiv>
        </Word>
        <Word id="Record3_Line1_Word2">
          <Property key="category" value="other"/>
          <Property key="person" value="none"/>
          <Coords points="760,1008 838,1008 838,1070 760,1070"/>
          <TextEquiv>
            <Unicode>ab</Unicode>
          </TextEquiv>
        </Word>
        <Word id="Record3_Line1_Word3">
          <Property key="category" value="other"/>
          <Property key="person" value="none"/>
          <Coords points="838,1010 896,1010 896,1066 838,1066"/>
          <TextEquiv>
            <Unicode>la</Unicode>
          </TextEquiv>
        </Word>
        <Word id="Record3_Line1_Word4">
          <Property key="category" value="other"/>
          <Property key="person" value="none"/>
          <Coords points="902,996 1013,996 1013,1066 902,1066"/>
          <TextEquiv>
            <Unicode>Sra</Unicode>
          </TextEquiv>
        </Word>
        <Word id="Record3_Line1_Word5">
          <Property key="category" value="name"/>
          <Property key="person" value="wife"/>
          <Coords points="1021,989 1226,989 1226,1087 1021,1087"/>
          <TextEquiv>
            <Unicode>Elisabeth</Unicode>
          </TextEquiv>
        </Word>
        <Word id="Record3_Line1_Word6">
          <Property key="category" value="state"/>
          <Property key="person" value="wife"/>
          <Coords points="1241,994 1414,994 1414,1092 1241,1092"/>
          <TextEquiv>
            <Unicode>donsella</Unicode>
          </TextEquiv>
        </Word>
        <Word id="Record3_Line1_Word7">
          <Property key="category" value="other"/>
          <Property key="person" value="none"/>
          <Coords points="1415,998 1538,998 1538,1094 1415,1094"/>
          <TextEquiv>
            <Unicode>filla</Unicode>
          </TextEquiv>
        </Word>
        <Word id="Record3_Line1_Word8">
          <Property key="category" value="other"/>
          <Property key="person" value="none"/>
          <Coords points="1560,1006 1611,1006 1611,1063 1560,1063"/>
          <TextEquiv>
            <Unicode>de</Unicode>
          </TextEquiv>
        </Word>
        <Word id="Record3_Line1_Word9">
          <Property key="category" value="name"/>
          <Property key="person" value="wifes_father"/>
          <Coords points="1631,996 1806,996 1806,1097 1631,1097"/>
          <TextEquiv>
            <Unicode>Miquel</Unicode>
          </TextEquiv>
        </Word>
        <Word id="Record3_Line1_Word10">
          <Property key="category" value="surname"/>
          <Property key="person" value="wifes_father"/>
          <Coords points="1828,993 1983,993 1983,1058 1828,1058"/>
          <TextEquiv>
            <Unicode>Marti</Unicode>
          </TextEquiv>
        </Word>
      </TextLine>
      <TextLine id="Record3_Line2">
        <Coords points="0,0 0,0"/>
        <Word id="Record3_Line2_Word0">
          <Property key="category" value="occupation"/>
          <Property key="person" value="wifes_father"/>
          <Coords points="395,1114 595,1114 595,1172 395,1172"/>
          <TextEquiv>
            <Unicode>mercader</Unicode>
          </TextEquiv>
        </Word>
        <Word id="Record3_Line2_Word1">
          <Property key="category" value="other"/>
          <Property key="person" value="none"/>
          <Coords points="611,1110 665,1110 665,1177 611,1177"/>
          <TextEquiv>
            <Unicode>de</Unicode>
          </TextEquiv>
        </Word>
        <Word id="Record3_Line2_Word2">
          <Property key="category" value="location"/>
          <Property key="person" value="wifes_father"/>
          <Coords points="681,1084 838,1084 838,1196 681,1196"/>
          <TextEquiv>
            <Unicode>Bara</Unicode>
          </TextEquiv>
        </Word>
        <Word id="Record3_Line2_Word3">
          <Property key="category" value="other"/>
          <Property key="person" value="none"/>
          <Coords points="854,1103 1035,1103 1035,1182 854,1182"/>
          <TextEquiv>
            <Unicode>defunct</Unicode>
          </TextEquiv>
        </Word>
        <Word id="Record3_Line2_Word4">
          <Property key="category" value="other"/>
          <Property key="person" value="none"/>
          <Coords points="1056,1096 1135,1096 1135,1160 1056,1160"/>
          <TextEquiv>
            <Unicode>las</Unicode>
          </TextEquiv>
        </Word>
        <Word id="Record3_Line2_Word5">
          <Property key="category" value="other"/>
          <Property key="person" value="none"/>
          <Coords points="1145,1088 1308,1088 1308,1165 1145,1165"/>
          <TextEquiv>
            <Unicode>mares</Unicode>
          </TextEquiv>
        </Word>
        <Word id="Record3_Line2_Word6">
          <Property key="category" value="other"/>
          <Property key="person" value="none"/>
          <Coords points="1291,1103 1386,1103 1386,1185 1291,1185"/>
          <TextEquiv>
            <Unicode>son</Unicode>
          </TextEquiv>
        </Word>
        <Word id="Record3_Line2_Word7">
          <Property key="category" value="name"/>
          <Property key="person" value="husbands_mother"/>
          <Coords points="1420,1103 1474,1103 1474,1156 1420,1156"/>
          <TextEquiv>
            <Unicode>t</Unicode>
          </TextEquiv>
        </Word>
        <Word id="Record3_Line2_Word8">
          <Property key="category" value="other"/>
          <Property key="person" value="none"/>
          <Coords points="1505,1107 1567,1107 1567,1206 1505,1206"/>
          <TextEquiv>
            <Unicode>y</Unicode>
          </TextEquiv>
        </Word>
        <Word id="Record3_Line2_Word9">
          <Property key="category" value="name"/>
          <Property key="person" value="wifes_mother"/>
          <Coords points="1588,1096 1636,1096 1636,1154 1588,1154"/>
          <TextEquiv>
            <Unicode>t</Unicode>
          </TextEquiv>
        </Word>
      </TextLine>
    </TextRegion>
    <TextRegion id="Record4">
      <Coords points="0,0 0,0"/>
      <TextLine id="Record4_Line0">
        <Coords points="0,0 0,0"/>
        <Word id="Record4_Line0_Word0">
          <Property key="category" value="other"/>
          <Property key="person" value="none"/>
          <Coords points="390,1197 465,1197 465,1258 390,1258"/>
          <TextEquiv>
            <Unicode>Dit</Unicode>
          </TextEquiv>
        </Word>
        <Word id="Record4_Line0_Word1">
          <Property key="category" value="other"/>
          <Property key="person" value="none"/>
          <Coords points="466,1198 533,1198 533,1253 466,1253"/>
          <TextEquiv>
            <Unicode>dia</Unicode>
          </TextEquiv>
        </Word>
        <Word id="Record4_Line0_Word2">
          <Property key="category" value="other"/>
          <Property key="person" value="none"/>
          <Coords points="542,1188 674,1188 674,1256 542,1256"/>
          <TextEquiv>
            <Unicode>rebere</Unicode>
          </TextEquiv>
        </Word>
        <Word id="Record4_Line0_Word3">
          <Property key="category" value="other"/>
          <Property key="person" value="none"/>
          <Coords points="689,1197 740,1197 740,1256 689,1256"/>
          <TextEquiv>
            <Unicode>de</Unicode>
          </TextEquiv>
        </Word>
        <Word id="Record4_Line0_Word4">
          <Property key="category" value="name"/>
          <Property key="person" value="husband"/>
          <Coords points="757,1186 958,1186 958,1273 757,1273"/>
          <TextEquiv>
            <Unicode>Hyacinto</Unicode>
          </TextEquiv>
        </Word>
        <Word id="Record4_Line0_Word5">
          <Property key="category" value="surname"/>
          <Property key="person" value="husband"/>
          <Coords points="971,1188 1084,1188 1084,1258 971,1258"/>
          <TextEquiv>
            <Unicode>Veta</Unicode>
          </TextEquiv>
        </Word>
        <Word id="Record4_Line0_Word6">
          <Property key="category" value="occupation"/>
          <Property key="person" value="husband"/>
          <Coords points="1092,1190 1260,1190 1260,1251 1092,1251"/>
          <TextEquiv>
            <Unicode>sabater</Unicode>
          </TextEquiv>
        </Word>
        <Word id="Record4_Line0_Word7">
          <Property key="category" value="other"/>
          <Property key="person" value="none"/>
          <Coords points="1268,1195 1320,1195 1320,1249 1268,1249"/>
          <TextEquiv>
            <Unicode>de</Unicode>
          </TextEquiv>
        </Word>
        <Word id="Record4_Line0_Word8">
          <Property key="category" value="location"/>
          <Property key="person" value="husband"/>
          <Coords points="1339,1164 1485,1164 1485,1272 1339,1272"/>
          <TextEquiv>
            <Unicode>Bara</Unicode>
          </TextEquiv>
        </Word>
        <Word id="Record4_Line0_Word9">
          <Property key="category" value="other"/>
          <Property key="person" value="none"/>
          <Coords points="1470,1191 1565,1191 1565,1268 1470,1268"/>
          <TextEquiv>
            <Unicode>fill</Unicode>
          </TextEquiv>
        </Word>
        <Word id="Record4_Line0_Word10">
          <Property key="category" value="other"/>
          <Property key="person" value="none"/>
          <Coords points="1583,1195 1632,1195 1632,1251 1583,1251"/>
          <TextEquiv>
            <Unicode>de</Unicode>
          </TextEquiv>
        </Word>
        <Word id="Record4_Line0_Word11">
          <Property key="category" value="name"/>
          <Property key="person" value="husbands_father"/>
          <Coords points="1645,1176 1810,1176 1810,1251 1645,1251"/>
          <TextEquiv>
            <Unicode>Arnau</Unicode>
          </TextEquiv>
        </Word>
        <Word id="Record4_Line0_Word12">
          <Property key="category" value="surname"/>
          <Property key="person" value="husbands_father"/>
          <Coords points="1833,1181 1957,1181 1957,1249 1833,1249"/>
          <TextEquiv>
            <Unicode>Veta</Unicode>
          </TextEquiv>
        </Word>
      </TextLine>
      <TextLine id="Record4_Line1">
        <Coords points="0,0 0,0"/>
        <Word id="Record4_Line1_Word0">
          <Property key="category" value="occupation"/>
          <Property key="person" value="husbands_father"/>
          <Coords points="391,1269 568,1269 568,1393 391,1393"/>
          <TextEquiv>
            <Unicode>pages</Unicode>
          </TextEquiv>
        </Word>
        <Word id="Record4_Line1_Word1">
          <Property key="category" value="other"/>
          <Property key="person" value="none"/>
          <Coords points="574,1286 634,1286 634,1346 574,1346"/>
          <TextEquiv>
            <Unicode>de</Unicode>
          </TextEquiv>
        </Word>
        <Word id="Record4_Line1_Word2">
          <Property key="category" value="location"/>
          <Property key="person" value="husbands_father"/>
          <Coords points="640,1257 793,1257 793,1358 640,1358"/>
          <TextEquiv>
            <Unicode>Bara</Unicode>
          </TextEquiv>
        </Word>
        <Word id="Record4_Line1_Word3">
          <Property key="category" value="other"/>
          <Property key="person" value="none"/>
          <Coords points="796,1286 990,1286 990,1367 796,1367"/>
          <TextEquiv>
            <Unicode>defunct</Unicode>
          </TextEquiv>
        </Word>
        <Word id="Record4_Line1_Word4">
          <Property key="category" value="other"/>
          <Property key="person" value="none"/>
          <Coords points="989,1312 1045,1312 1045,1370 989,1370"/>
          <TextEquiv>
            <Unicode>y</Unicode>
          </TextEquiv>
        </Word>
        <Word id="Record4_Line1_Word5">
          <Property key="category" value="other"/>
          <Property key="person" value="none"/>
          <Coords points="1060,1290 1111,1290 1111,1356 1060,1356"/>
          <TextEquiv>
            <Unicode>de</Unicode>
          </TextEquiv>
        </Word>
        <Word id="Record4_Line1_Word6">
          <Property key="category" value="name"/>
          <Property key="person" value="husbands_mother"/>
          <Coords points="1113,1283 1286,1283 1286,1377 1113,1377"/>
          <TextEquiv>
            <Unicode>Juana</Unicode>
          </TextEquiv>
        </Word>
        <Word id="Record4_Line1_Word7">
          <Property key="category" value="other"/>
          <Property key="person" value="none"/>
          <Coords points="1324,1278 1405,1278 1405,1344 1324,1344"/>
          <TextEquiv>
            <Unicode>ab</Unicode>
          </TextEquiv>
        </Word>
        <Word id="Record4_Line1_Word8">
          <Property key="category" value="name"/>
          <Property key="person" value="wife"/>
          <Coords points="1420,1266 1577,1266 1577,1338 1420,1338"/>
          <TextEquiv>
            <Unicode>Maria</Unicode>
          </TextEquiv>
        </Word>
        <Word id="Record4_Line1_Word9">
          <Property key="category" value="state"/>
          <Property key="person" value="wife"/>
          <Coords points="1594,1271 1792,1271 1792,1365 1594,1365"/>
          <TextEquiv>
            <Unicode>donsella</Unicode>
          </TextEquiv>
        </Word>
        <Word id="Record4_Line1_Word10">
          <Property key="category" value="other"/>
          <Property key="person" value="none"/>
          <Coords points="1784,1271 1914,1271 1914,1356 1784,1356"/>
          <TextEquiv>
            <Unicode>filla</Unicode>
          </TextEquiv>
        </Word>
        <Word id="Record4_Line1_Word11">
          <Property key="category" value="other"/>
          <Property key="person" value="none"/>
          <Coords points="1929,1272 1992,1272 1992,1336 1929,1336"/>
          <TextEquiv>
            <Unicode>de</Unicode>
          </TextEquiv>
        </Word>
      </TextLine>
      <TextLine id="Record4_Line2">
        <Coords points="0,0 0,0"/>
        <Word id="Record4_Line2_Word0">
          <Property key="category" value="name"/>
          <Property key="person" value="wifes_father"/>
          <Coords points="409,1374 604,1374 604,1482 409,1482"/>
          <TextEquiv>
            <Unicode>Miquel</Unicode>
          </TextEquiv>
        </Word>
        <Word id="Record4_Line2_Word1">
          <Property key="category" value="surname"/>
          <Property key="person" value="wifes_father"/>
          <Coords points="631,1371 823,1371 823,1439 631,1439"/>
          <TextEquiv>
            <Unicode>Cardona</Unicode>
          </TextEquiv>
        </Word>
        <Word id="Record4_Line2_Word2">
          <Property key="category" value="occupation"/>
          <Property key="person" value="wifes_father"/>
          <Coords points="831,1392 1013,1392 1013,1472 831,1472"/>
          <TextEquiv>
            <Unicode>parayre</Unicode>
          </TextEquiv>
        </Word>
        <Word id="Record4_Line2_Word3">
          <Property key="category" value="other"/>
          <Property key="person" value="none"/>
          <Coords points="1041,1376 1096,1376 1096,1439 1041,1439"/>
          <TextEquiv>
            <Unicode>de</Unicode>
          </TextEquiv>
        </Word>
        <Word id="Record4_Line2_Word4">
          <Property key="category" value="location"/>
          <Property key="person" value="wifes_father"/>
          <Coords points="1113,1349 1269,1349 1269,1455 1113,1455"/>
          <TextEquiv>
            <Unicode>Bara</Unicode>
          </TextEquiv>
        </Word>
        <Word id="Record4_Line2_Word5">
          <Property key="category" value="other"/>
          <Property key="person" value="none"/>
          <Coords points="1276,1371 1446,1371 1446,1453 1276,1453"/>
          <TextEquiv>
            <Unicode>defunct</Unicode>
          </TextEquiv>
        </Word>
        <Word id="Record4_Line2_Word6">
          <Property key="category" value="other"/>
          <Property key="person" value="none"/>
          <Coords points="1441,1399 1501,1399 1501,1455 1441,1455"/>
          <TextEquiv>
            <Unicode>y</Unicode>
          </TextEquiv>
        </Word>
        <Word id="Record4_Line2_Word7">
          <Property key="category" value="other"/>
          <Property key="person" value="none"/>
          <Coords points="1519,1380 1577,1380 1577,1443 1519,1443"/>
          <TextEquiv>
            <Unicode>de</Unicode>
          </TextEquiv>
        </Word>
        <Word id="Record4_Line2_Word8">
          <Property key="category" value="name"/>
          <Property key="person" value="wifes_mother"/>
          <Coords points="1578,1368 1756,1368 1756,1463 1578,1463"/>
          <TextEquiv>
            <Unicode>Juana</Unicode>
          </TextEquiv>
        </Word>
      </TextLine>
    </TextRegion>
    <TextRegion id="Record5">
      <Coords points="0,0 0,0"/>
      <TextLine id="Record5_Line0">
        <Coords points="0,0 0,0"/>
        <Word id="Record5_Line0_Word0">
          <Property key="category" value="other"/>
          <Property key="person" value="none"/>
          <Coords points="388,1468 474,1468 474,1545 388,1545"/>
          <TextEquiv>
            <Unicode>Dit</Unicode>
          </TextEquiv>
        </Word>
        <Word id="Record5_Line0_Word1">
          <Property key="category" value="other"/>
          <Property key="person" value="none"/>
          <Coords points="485,1473 566,1473 566,1541 485,1541"/>
          <TextEquiv>
            <Unicode>dia</Unicode>
          </TextEquiv>
        </Word>
        <Word id="Record5_Line0_Word2">
          <Property key="category" value="other"/>
          <Property key="person" value="none"/>
          <Coords points="578,1459 735,1459 735,1536 578,1536"/>
          <TextEquiv>
            <Unicode>rebere</Unicode>
          </TextEquiv>
        </Word>
        <Word id="Record5_Line0_Word3">
          <Property key="category" value="other"/>
          <Property key="person" value="none"/>
          <Coords points="746,1475 804,1475 804,1541 746,1541"/>
          <TextEquiv>
            <Unicode>de</Unicode>
          </TextEquiv>
        </Word>
        <Word id="Record5_Line0_Word4">
          <Property key="category" value="name"/>
          <Property key="person" value="husband"/>
          <Coords points="796,1468 1065,1468 1065,1566 796,1566"/>
          <TextEquiv>
            <Unicode>francesch</Unicode>
          </TextEquiv>
        </Word>
        <Word id="Record5_Line0_Word5">
          <Property key="category" value="surname"/>
          <Property key="person" value="husband"/>
          <Coords points="1088,1456 1265,1456 1265,1536 1088,1536"/>
          <TextEquiv>
            <Unicode>Morato</Unicode>
          </TextEquiv>
        </Word>
        <Word id="Record5_Line0_Word6">
          <Property key="category" value="occupation"/>
          <Property key="person" value="husband"/>
          <Coords points="1259,1494 1426,1494 1426,1572 1259,1572"/>
          <TextEquiv>
            <Unicode>gerrer</Unicode>
          </TextEquiv>
        </Word>
        <Word id="Record5_Line0_Word7">
          <Property key="category" value="other"/>
          <Property key="person" value="none"/>
          <Coords points="1445,1462 1501,1462 1501,1531 1445,1531"/>
          <TextEquiv>
            <Unicode>de</Unicode>
          </TextEquiv>
        </Word>
        <Word id="Record5_Line0_Word8">
          <Property key="category" value="location"/>
          <Property key="person" value="husband"/>
          <Coords points="1510,1431 1671,1431 1671,1553 1510,1553"/>
          <TextEquiv>
            <Unicode>Bara</Unicode>
          </TextEquiv>
        </Word>
        <Word id="Record5_Line0_Word9">
          <Property key="category" value="other"/>
          <Property key="person" value="none"/>
          <Coords points="1656,1450 1767,1450 1767,1557 1656,1557"/>
          <TextEquiv>
            <Unicode>fill</Unicode>
          </TextEquiv>
        </Word>
        <Word id="Record5_Line0_Word10">
          <Property key="category" value="other"/>
          <Property key="person" value="none"/>
          <Coords points="1780,1466 1836,1466 1836,1533 1780,1533"/>
          <TextEquiv>
            <Unicode>de</Unicode>
          </TextEquiv>
        </Word>
        <Word id="Record5_Line0_Word11">
          <Property key="category" value="other"/>
          <Property key="person" value="none"/>
          <Coords points="1826,1462 1916,1462 1916,1553 1826,1553"/>
          <TextEquiv>
            <Unicode>#</Unicode>
          </TextEquiv>
        </Word>
        <Word id="Record5_Line0_Word12">
          <Property key="category" value="name"/>
          <Property key="person" value="husbands_father"/>
          <Coords points="1913,1459 2031,1459 2031,1533 1913,1533"/>
          <TextEquiv>
            <Unicode>Sal=</Unicode>
          </TextEquiv>
        </Word>
      </TextLine>
      <TextLine id="Record5_Line1">
        <Coords points="0,0 0,0"/>
        <Word id="Record5_Line1_Word0">
          <Property key="category" value="name"/>
          <Property key="person" value="husbands_father"/>
          <Coords points="404,1565 547,1565 547,1631 404,1631"/>
          <TextEquiv>
            <Unicode>vador</Unicode>
          </TextEquiv>
        </Word>
        <Word id="Record5_Line1_Word1">
          <Property key="category" value="surname"/>
          <Property key="person" value="husbands_father"/>
          <Coords points="564,1549 747,1549 747,1633 564,1633"/>
          <TextEquiv>
            <Unicode>Morato</Unicode>
          </TextEquiv>
        </Word>
        <Word id="Record5_Line1_Word2">
          <Property key="category" value="occupation"/>
          <Property key="person" value="husbands_father"/>
          <Coords points="734,1585 917,1585 917,1667 734,1667"/>
          <TextEquiv>
            <Unicode>gerrer</Unicode>
          </TextEquiv>
        </Word>
        <Word id="Record5_Line1_Word3">
          <Property key="category" value="other"/>
          <Property key="person" value="none"/>
          <Coords points="929,1587 976,1587 976,1660 929,1660"/>
          <TextEquiv>
            <Unicode>y</Unicode>
          </TextEquiv>
        </Word>
        <Word id="Record5_Line1_Word4">
          <Property key="category" value="other"/>
          <Property key="person" value="none"/>
          <Coords points="975,1571 1031,1571 1031,1635 975,1635"/>
          <TextEquiv>
            <Unicode>de</Unicode>
          </TextEquiv>
        </Word>
        <Word id="Record5_Line1_Word5">
          <Property key="category" value="name"/>
          <Property key="person" value="husbands_mother"/>
          <Coords points="1049,1565 1306,1565 1306,1633 1049,1633"/>
          <TextEquiv>
            <Unicode>Salvadora</Unicode>
          </TextEquiv>
        </Word>
        <Word id="Record5_Line1_Word6">
          <Property key="category" value="other"/>
          <Property key="person" value="none"/>
          <Coords points="1335,1561 1418,1561 1418,1629 1335,1629"/>
          <TextEquiv>
            <Unicode>ab</Unicode>
          </TextEquiv>
        </Word>
        <Word id="Record5_Line1_Word7">
          <Property key="category" value="name"/>
          <Property key="person" value="wife"/>
          <Coords points="1438,1546 1742,1546 1742,1669 1438,1669"/>
          <TextEquiv>
            <Unicode>Maryangela</Unicode>
          </TextEquiv>
        </Word>
        <Word id="Record5_Line1_Word8">
          <Property key="category" value="state"/>
          <Property key="person" value="wife"/>
          <Coords points="1753,1556 1981,1556 1981,1659 1753,1659"/>
          <TextEquiv>
            <Unicode>donsella</Unicode>
          </TextEquiv>
        </Word>
      </TextLine>
      <TextLine id="Record5_Line2">
        <Coords points="0,0 0,0"/>
        <Word id="Record5_Line2_Word0">
          <Property key="category" value="other"/>
          <Property key="person" value="none"/>
          <Coords points="370,1656 520,1656 520,1757 370,1757"/>
          <TextEquiv>
            <Unicode>filla</Unicode>
          </TextEquiv>
        </Word>
        <Word id="Record5_Line2_Word1">
          <Property key="category" value="other"/>
          <Property key="person" value="none"/>
          <Coords points="544,1663 604,1663 604,1726 544,1726"/>
          <TextEquiv>
            <Unicode>de</Unicode>
          </TextEquiv>
        </Word>
        <Word id="Record5_Line2_Word2">
          <Property key="category" value="name"/>
          <Property key="person" value="wifes_father"/>
          <Coords points="633,1651 793,1651 793,1729 633,1729"/>
          <TextEquiv>
            <Unicode>Marti</Unicode>
          </TextEquiv>
        </Word>
        <Word id="Record5_Line2_Word3">
          <Property key="category" value="name"/>
          <Property key="person" value="wifes_father"/>
          <Coords points="794,1653 953,1653 953,1761 794,1761"/>
          <TextEquiv>
            <Unicode>Juan</Unicode>
          </TextEquiv>
        </Word>
        <Word id="Record5_Line2_Word4">
          <Property key="category" value="surname"/>
          <Property key="person" value="wifes_father"/>
          <Coords points="971,1661 1116,1661 1116,1767 971,1767"/>
          <TextEquiv>
            <Unicode>jorba</Unicode>
          </TextEquiv>
        </Word>
        <Word id="Record5_Line2_Word5">
          <Property key="category" value="occupation"/>
          <Property key="person" value="wifes_father"/>
          <Coords points="1126,1677 1270,1677 1270,1773 1126,1773"/>
          <TextEquiv>
            <Unicode>pages</Unicode>
          </TextEquiv>
        </Word>
        <Word id="Record5_Line2_Word6">
          <Property key="category" value="other"/>
          <Property key="person" value="none"/>
          <Coords points="1285,1659 1334,1659 1334,1726 1285,1726"/>
          <TextEquiv>
            <Unicode>de</Unicode>
          </TextEquiv>
        </Word>
        <Word id="Record5_Line2_Word7">
          <Property key="category" value="location"/>
          <Property key="person" value="wifes_father"/>
          <Coords points="1351,1646 1609,1646 1609,1735 1351,1735"/>
          <TextEquiv>
            <Unicode>Manovelles</Unicode>
          </TextEquiv>
        </Word>
        <Word id="Record5_Line2_Word8">
          <Property key="category" value="location"/>
          <Property key="person" value="wifes_father"/>
          <Coords points="1608,1651 1841,1651 1841,1766 1608,1766"/>
          <TextEquiv>
            <Unicode>parrochia</Unicode>
          </TextEquiv>
        </Word>
        <Word id="Record5_Line2_Word9">
          <Property key="category" value="location"/>
          <Property key="person" value="wifes_father"/>
          <Coords points="1862,1646 1974,1646 1974,1724 1862,1724"/>
          <TextEquiv>
            <Unicode>de</Unicode>
          </TextEquiv>
        </Word>
      </TextLine>
      <TextLine id="Record5_Line3">
        <Coords points="0,0 0,0"/>
        <Word id="Record5_Line3_Word0">
          <Property key="category" value="location"/>
          <Property key="person" value="wifes_father"/>
          <Coords points="404,1747 577,1747 577,1826 404,1826"/>
          <TextEquiv>
            <Unicode>Collbato</Unicode>
          </TextEquiv>
        </Word>
        <Word id="Record5_Line3_Word1">
          <Property key="category" value="other"/>
          <Property key="person" value="none"/>
          <Coords points="571,1782 637,1782 637,1849 571,1849"/>
          <TextEquiv>
            <Unicode>y</Unicode>
          </TextEquiv>
        </Word>
        <Word id="Record5_Line3_Word2">
          <Property key="category" value="other"/>
          <Property key="person" value="none"/>
          <Coords points="652,1761 708,1761 708,1830 652,1830"/>
          <TextEquiv>
            <Unicode>de</Unicode>
          </TextEquiv>
        </Word>
        <Word id="Record5_Line3_Word3">
          <Property key="category" value="name"/>
          <Property key="person" value="wifes_mother"/>
          <Coords points="727,1734 901,1734 901,1821 727,1821"/>
          <TextEquiv>
            <Unicode>Elienor</Unicode>
          </TextEquiv>
        </Word>
        <Word id="Record5_Line3_Word4">
          <Property key="category" value="other"/>
          <Property key="person" value="none"/>
          <Coords points="924,1760 1150,1760 1150,1842 924,1842"/>
          <TextEquiv>
            <Unicode>defuncta</Unicode>
          </TextEquiv>
        </Word>
      </TextLine>
    </TextRegion>
    <TextRegion id="Record6">
      <Coords points="0,0 0,0"/>
      <TextLine id="Record6_Line0">
        <Coords points="0,0 0,0"/>
        <Word id="Record6_Line0_Word0">
          <Property key="category" value="other"/>
          <Property key="person" value="none"/>
          <Coords points="402,1851 467,1851 467,1909 402,1909"/>
          <TextEquiv>
            <Unicode>dit</Unicode>
          </TextEquiv>
        </Word>
        <Word id="Record6_Line0_Word1">
          <Property key="category" value="other"/>
          <Property key="person" value="none"/>
          <Coords points="476,1849 543,1849 543,1909 476,1909"/>
          <TextEquiv>
            <Unicode>dia</Unicode>
          </TextEquiv>
        </Word>
        <Word id="Record6_Line0_Word2">
          <Property key="category" value="other"/>
          <Property key="person" value="none"/>
          <Coords points="551,1843 676,1843 676,1907 551,1907"/>
          <TextEquiv>
            <Unicode>rebere</Unicode>
          </TextEquiv>
        </Word>
        <Word id="Record6_Line0_Word3">
          <Property key="category" value="other"/>
          <Property key="person" value="none"/>
          <Coords points="695,1855 738,1855 738,1914 695,1914"/>
          <TextEquiv>
            <Unicode>de</Unicode>
          </TextEquiv>
        </Word>
        <Word id="Record6_Line0_Word4">
          <Property key="category" value="name"/>
          <Property key="person" value="husband"/>
          <Coords points="732,1853 859,1853 859,1937 732,1937"/>
          <TextEquiv>
            <Unicode>Juan</Unicode>
          </TextEquiv>
        </Word>
        <Word id="Record6_Line0_Word5">
          <Property key="category" value="surname"/>
          <Property key="person" value="husband"/>
          <Coords points="877,1824 1040,1824 1040,1911 877,1911"/>
          <TextEquiv>
            <Unicode>Barba</Unicode>
          </TextEquiv>
        </Word>
        <Word id="Record6_Line0_Word6">
          <Property key="category" value="occupation"/>
          <Property key="person" value="husband"/>
          <Coords points="1053,1843 1217,1843 1217,1909 1053,1909"/>
          <TextEquiv>
            <Unicode>sabater</Unicode>
          </TextEquiv>
        </Word>
        <Word id="Record6_Line0_Word7">
          <Property key="category" value="other"/>
          <Property key="person" value="none"/>
          <Coords points="1236,1843 1283,1843 1283,1897 1236,1897"/>
          <TextEquiv>
            <Unicode>de</Unicode>
          </TextEquiv>
        </Word>
        <Word id="Record6_Line0_Word8">
          <Property key="category" value="location"/>
          <Property key="person" value="husband"/>
          <Coords points="1294,1837 1460,1837 1460,1902 1294,1902"/>
          <TextEquiv>
            <Unicode>Sarria</Unicode>
          </TextEquiv>
        </Word>
        <Word id="Record6_Line0_Word9">
          <Property key="category" value="state"/>
          <Property key="person" value="husband"/>
          <Coords points="1466,1836 1589,1836 1589,1895 1466,1895"/>
          <TextEquiv>
            <Unicode>viudo</Unicode>
          </TextEquiv>
        </Word>
        <Word id="Record6_Line0_Word10">
          <Property key="category" value="other"/>
          <Property key="person" value="none"/>
          <Coords points="1599,1832 1673,1832 1673,1897 1599,1897"/>
          <TextEquiv>
            <Unicode>ab</Unicode>
          </TextEquiv>
        </Word>
        <Word id="Record6_Line0_Word11">
          <Property key="category" value="name"/>
          <Property key="person" value="wife"/>
          <Coords points="1681,1818 1852,1818 1852,1894 1681,1894"/>
          <TextEquiv>
            <Unicode>Maria</Unicode>
          </TextEquiv>
        </Word>
        <Word id="Record6_Line0_Word12">
          <Property key="category" value="state"/>
          <Property key="person" value="wife"/>
          <Coords points="1874,1805 2026,1805 2026,1921 1874,1921"/>
          <TextEquiv>
            <Unicode>dosella</Unicode>
          </TextEquiv>
        </Word>
      </TextLine>
      <TextLine id="Record6_Line1">
        <Coords points="0,0 0,0"/>
        <Word id="Record6_Line1_Word0">
          <Property key="category" value="other"/>
          <Property key="person" value="none"/>
          <Coords points="384,1934 504,1934 504,2020 384,2020"/>
          <TextEquiv>
            <Unicode>filla</Unicode>
          </TextEquiv>
        </Word>
        <Word id="Record6_Line1_Word1">
          <Property key="category" value="other"/>
          <Property key="person" value="none"/>
          <Coords points="521,1939 568,1939 568,2003 521,2003"/>
          <TextEquiv>
            <Unicode>de</Unicode>
          </TextEquiv>
        </Word>
        <Word id="Record6_Line1_Word2">
          <Property key="category" value="name"/>
          <Property key="person" value="wifes_father"/>
          <Coords points="590,1910 719,1910 719,2003 590,2003"/>
          <TextEquiv>
            <Unicode>Pere</Unicode>
          </TextEquiv>
        </Word>
        <Word id="Record6_Line1_Word3">
          <Property key="category" value="surname"/>
          <Property key="person" value="wifes_father"/>
          <Coords points="727,1912 907,1912 907,2003 727,2003"/>
          <TextEquiv>
            <Unicode>Planes</Unicode>
          </TextEquiv>
        </Word>
        <Word id="Record6_Line1_Word4">
          <Property key="category" value="occupation"/>
          <Property key="person" value="wifes_father"/>
          <Coords points="904,1953 1042,1953 1042,2047 904,2047"/>
          <TextEquiv>
            <Unicode>pages</Unicode>
          </TextEquiv>
        </Word>
        <Word id="Record6_Line1_Word5">
          <Property key="category" value="other"/>
          <Property key="person" value="none"/>
          <Coords points="1058,1937 1109,1937 1109,2003 1058,2003"/>
          <TextEquiv>
            <Unicode>de</Unicode>
          </TextEquiv>
        </Word>
        <Word id="Record6_Line1_Word6">
          <Property key="category" value="location"/>
          <Property key="person" value="wifes_father"/>
          <Coords points="1127,1931 1309,1931 1309,1999 1127,1999"/>
          <TextEquiv>
            <Unicode>Sarria</Unicode>
          </TextEquiv>
        </Word>
        <Word id="Record6_Line1_Word7">
          <Property key="category" value="other"/>
          <Property key="person" value="none"/>
          <Coords points="1305,1953 1359,1953 1359,2032 1305,2032"/>
          <TextEquiv>
            <Unicode>y</Unicode>
          </TextEquiv>
        </Word>
        <Word id="Record6_Line1_Word8">
          <Property key="category" value="other"/>
          <Property key="person" value="none"/>
          <Coords points="1360,1931 1421,1931 1421,1995 1360,1995"/>
          <TextEquiv>
            <Unicode>de</Unicode>
          </TextEquiv>
        </Word>
        <Word id="Record6_Line1_Word9">
          <Property key="category" value="name"/>
          <Property key="person" value="wifes_mother"/>
          <Coords points="1427,1910 1634,1910 1634,1994 1427,1994"/>
          <TextEquiv>
            <Unicode>Antonia</Unicode>
          </TextEquiv>
        </Word>
      </TextLine>
    </TextRegion>
    <TextRegion id="Record7">
      <Coords points="0,0 0,0"/>
      <TextLine id="Record7_Line0">
        <Coords points="0,0 0,0"/>
        <Word id="Record7_Line0_Word0">
          <Property key="category" value="other"/>
          <Property key="person" value="none"/>
          <Coords points="400,2024 623,2024 623,2123 400,2123"/>
          <TextEquiv>
            <Unicode>Diumenge</Unicode>
          </TextEquiv>
        </Word>
        <Word id="Record7_Line0_Word1">
          <Property key="category" value="other"/>
          <Property key="person" value="none"/>
          <Coords points="636,2050 671,2050 671,2089 636,2089"/>
          <TextEquiv>
            <Unicode>a</Unicode>
          </TextEquiv>
        </Word>
        <Word id="Record7_Line0_Word2">
          <Property key="category" value="other"/>
          <Property key="person" value="none"/>
          <Coords points="700,2040 743,2040 743,2094 700,2094"/>
          <TextEquiv>
            <Unicode>11</Unicode>
          </TextEquiv>
        </Word>
        <Word id="Record7_Line0_Word3">
          <Property key="category" value="other"/>
          <Property key="person" value="none"/>
          <Coords points="757,2027 912,2027 912,2096 757,2096"/>
          <TextEquiv>
            <Unicode>rebere</Unicode>
          </TextEquiv>
        </Word>
        <Word id="Record7_Line0_Word4">
          <Property key="category" value="other"/>
          <Property key="person" value="none"/>
          <Coords points="927,2036 972,2036 972,2096 927,2096"/>
          <TextEquiv>
            <Unicode>de</Unicode>
          </TextEquiv>
        </Word>
        <Word id="Record7_Line0_Word5">
          <Property key="category" value="name"/>
          <Property key="person" value="husband"/>
          <Coords points="973,2031 1116,2031 1116,2125 973,2125"/>
          <TextEquiv>
            <Unicode>Juan</Unicode>
          </TextEquiv>
        </Word>
        <Word id="Record7_Line0_Word6">
          <Property key="category" value="surname"/>
          <Property key="person" value="husband"/>
          <Coords points="1136,2008 1325,2008 1325,2130 1136,2130"/>
          <TextEquiv>
            <Unicode>Guardia</Unicode>
          </TextEquiv>
        </Word>
        <Word id="Record7_Line0_Word7">
          <Property key="category" value="occupation"/>
          <Property key="person" value="husband"/>
          <Coords points="1347,2043 1543,2043 1543,2125 1347,2125"/>
          <TextEquiv>
            <Unicode>argenter</Unicode>
          </TextEquiv>
        </Word>
        <Word id="Record7_Line0_Word8">
          <Property key="category" value="other"/>
          <Property key="person" value="none"/>
          <Coords points="1557,2027 1607,2027 1607,2087 1557,2087"/>
          <TextEquiv>
            <Unicode>de</Unicode>
          </TextEquiv>
        </Word>
        <Word id="Record7_Line0_Word9">
          <Property key="category" value="location"/>
          <Property key="person" value="husband"/>
          <Coords points="1608,1994 1769,1994 1769,2111 1608,2111"/>
          <TextEquiv>
            <Unicode>Bara</Unicode>
          </TextEquiv>
        </Word>
        <Word id="Record7_Line0_Word10">
          <Property key="category" value="other"/>
          <Property key="person" value="none"/>
          <Coords points="1746,2021 1866,2021 1866,2104 1746,2104"/>
          <TextEquiv>
            <Unicode>fill</Unicode>
          </TextEquiv>
        </Word>
        <Word id="Record7_Line0_Word11">
          <Property key="category" value="other"/>
          <Property key="person" value="none"/>
          <Coords points="1872,2010 1962,2010 1962,2080 1872,2080"/>
          <TextEquiv>
            <Unicode>de</Unicode>
          </TextEquiv>
        </Word>
      </TextLine>
      <TextLine id="Record7_Line1">
        <Coords points="0,0 0,0"/>
        <Word id="Record7_Line1_Word0">
          <Property key="category" value="name"/>
          <Property key="person" value="husbands_father"/>
          <Coords points="384,2126 525,2126 525,2218 384,2218"/>
          <TextEquiv>
            <Unicode>Juan</Unicode>
          </TextEquiv>
        </Word>
        <Word id="Record7_Line1_Word1">
          <Property key="category" value="surname"/>
          <Property key="person" value="husbands_father"/>
          <Coords points="556,2109 745,2109 745,2210 556,2210"/>
          <TextEquiv>
            <Unicode>Guardia</Unicode>
          </TextEquiv>
        </Word>
        <Word id="Record7_Line1_Word2">
          <Property key="category" value="occupation"/>
          <Property key="person" value="husbands_father"/>
          <Coords points="771,2115 971,2115 971,2222 771,2222"/>
          <TextEquiv>
            <Unicode>blanquer</Unicode>
          </TextEquiv>
        </Word>
        <Word id="Record7_Line1_Word3">
          <Property key="category" value="other"/>
          <Property key="person" value="none"/>
          <Coords points="986,2131 1042,2131 1042,2191 986,2191"/>
          <TextEquiv>
            <Unicode>de</Unicode>
          </TextEquiv>
        </Word>
        <Word id="Record7_Line1_Word4">
          <Property key="category" value="location"/>
          <Property key="person" value="husbands_father"/>
          <Coords points="1042,2100 1203,2100 1203,2220 1042,2220"/>
          <TextEquiv>
            <Unicode>Bara</Unicode>
          </TextEquiv>
        </Word>
        <Word id="Record7_Line1_Word5">
          <Property key="category" value="other"/>
          <Property key="person" value="none"/>
          <Coords points="1212,2128 1379,2128 1379,2204 1212,2204"/>
          <TextEquiv>
            <Unicode>defunct</Unicode>
          </TextEquiv>
        </Word>
        <Word id="Record7_Line1_Word6">
          <Property key="category" value="other"/>
          <Property key="person" value="none"/>
          <Coords points="1385,2148 1432,2148 1432,2222 1385,2222"/>
          <TextEquiv>
            <Unicode>y</Unicode>
          </TextEquiv>
        </Word>
        <Word id="Record7_Line1_Word7">
          <Property key="category" value="other"/>
          <Property key="person" value="none"/>
          <Coords points="1436,2124 1492,2124 1492,2185 1436,2185"/>
          <TextEquiv>
            <Unicode>de</Unicode>
          </TextEquiv>
        </Word>
        <Word id="Record7_Line1_Word8">
          <Property key="category" value="name"/>
          <Property key="person" value="husbands_mother"/>
          <Coords points="1516,2100 1678,2100 1678,2185 1516,2185"/>
          <TextEquiv>
            <Unicode>Elienor</Unicode>
          </TextEquiv>
        </Word>
        <Word id="Record7_Line1_Word9">
          <Property key="category" value="other"/>
          <Property key="person" value="none"/>
          <Coords points="1704,2107 1785,2107 1785,2177 1704,2177"/>
          <TextEquiv>
            <Unicode>ab</Unicode>
          </TextEquiv>
        </Word>
        <Word id="Record7_Line1_Word10">
          <Property key="category" value="name"/>
          <Property key="person" value="wife"/>
          <Coords points="1784,2107 2008,2107 2008,2177 1784,2177"/>
          <TextEquiv>
            <Unicode>Madrona</Unicode>
          </TextEquiv>
        </Word>
      </TextLine>
      <TextLine id="Record7_Line2">
        <Coords points="0,0 0,0"/>
        <Word id="Record7_Line2_Word0">
          <Property key="category" value="state"/>
          <Property key="person" value="wife"/>
          <Coords points="397,2217 591,2217 591,2310 397,2310"/>
          <TextEquiv>
            <Unicode>donsella</Unicode>
          </TextEquiv>
        </Word>
        <Word id="Record7_Line2_Word1">
          <Property key="category" value="other"/>
          <Property key="person" value="none"/>
          <Coords points="585,2209 717,2209 717,2305 585,2305"/>
          <TextEquiv>
            <Unicode>filla</Unicode>
          </TextEquiv>
        </Word>
        <Word id="Record7_Line2_Word2">
          <Property key="category" value="other"/>
          <Property key="person" value="none"/>
          <Coords points="735,2221 793,2221 793,2286 735,2286"/>
          <TextEquiv>
            <Unicode>de</Unicode>
          </TextEquiv>
        </Word>
        <Word id="Record7_Line2_Word3">
          <Property key="category" value="name"/>
          <Property key="person" value="wifes_father"/>
          <Coords points="805,2193 916,2193 916,2286 805,2286"/>
          <TextEquiv>
            <Unicode>Pau</Unicode>
          </TextEquiv>
        </Word>
        <Word id="Record7_Line2_Word4">
          <Property key="category" value="surname"/>
          <Property key="person" value="wifes_father"/>
          <Coords points="939,2212 1134,2212 1134,2289 939,2289"/>
          <TextEquiv>
            <Unicode>Martell</Unicode>
          </TextEquiv>
        </Word>
        <Word id="Record7_Line2_Word5">
          <Property key="category" value="occupation"/>
          <Property key="person" value="wifes_father"/>
          <Coords points="1117,2216 1394,2216 1394,2319 1117,2319"/>
          <TextEquiv>
            <Unicode>garbellador</Unicode>
          </TextEquiv>
        </Word>
        <Word id="Record7_Line2_Word6">
          <Property key="category" value="other"/>
          <Property key="person" value="none"/>
          <Coords points="1390,2247 1437,2247 1437,2320 1390,2320"/>
          <TextEquiv>
            <Unicode>y</Unicode>
          </TextEquiv>
        </Word>
        <Word id="Record7_Line2_Word7">
          <Property key="category" value="other"/>
          <Property key="person" value="none"/>
          <Coords points="1439,2226 1501,2226 1501,2288 1439,2288"/>
          <TextEquiv>
            <Unicode>de</Unicode>
          </TextEquiv>
        </Word>
        <Word id="Record7_Line2_Word8">
          <Property key="category" value="name"/>
          <Property key="person" value="wifes_mother"/>
          <Coords points="1503,2193 1687,2193 1687,2291 1503,2291"/>
          <TextEquiv>
            <Unicode>Paula</Unicode>
          </TextEquiv>
        </Word>
      </TextLine>
    </TextRegion>
    <TextRegion id="Record8">
      <Coords points="0,0 0,0"/>
      <TextLine id="Record8_Line0">
        <Coords points="0,0 0,0"/>
        <Word id="Record8_Line0_Word0">
          <Property key="category" value="other"/>
          <Property key="person" value="none"/>
          <Coords points="388,2326 467,2326 467,2384 388,2384"/>
          <TextEquiv>
            <Unicode>Dit</Unicode>
          </TextEquiv>
        </Word>
        <Word id="Record8_Line0_Word1">
          <Property key="category" value="other"/>
          <Property key="person" value="none"/>
          <Coords points="485,2321 565,2321 565,2388 485,2388"/>
          <TextEquiv>
            <Unicode>dia</Unicode>
          </TextEquiv>
        </Word>
        <Word id="Record8_Line0_Word2">
          <Property key="category" value="other"/>
          <Property key="person" value="none"/>
          <Coords points="583,2312 728,2312 728,2386 583,2386"/>
          <TextEquiv>
            <Unicode>rebere</Unicode>
          </TextEquiv>
        </Word>
        <Word id="Record8_Line0_Word3">
          <Property key="category" value="other"/>
          <Property key="person" value="none"/>
          <Coords points="742,2324 800,2324 800,2389 742,2389"/>
          <TextEquiv>
            <Unicode>de</Unicode>
          </TextEquiv>
        </Word>
        <Word id="Record8_Line0_Word4">
          <Property key="category" value="name"/>
          <Property key="person" value="husband"/>
          <Coords points="812,2285 930,2285 930,2388 812,2388"/>
          <TextEquiv>
            <Unicode>Pere</Unicode>
          </TextEquiv>
        </Word>
        <Word id="Record8_Line0_Word5">
          <Property key="category" value="surname"/>
          <Property key="person" value="husband"/>
          <Coords points="959,2311 1152,2311 1152,2431 959,2431"/>
          <TextEquiv>
            <Unicode>Garriga</Unicode>
          </TextEquiv>
        </Word>
        <Word id="Record8_Line0_Word6">
          <Property key="category" value="occupation"/>
          <Property key="person" value="husband"/>
          <Coords points="1143,2326 1308,2326 1308,2420 1143,2420"/>
          <TextEquiv>
            <Unicode>sastre</Unicode>
          </TextEquiv>
        </Word>
        <Word id="Record8_Line0_Word7">
          <Property key="category" value="other"/>
          <Property key="person" value="none"/>
          <Coords points="1322,2331 1389,2331 1389,2389 1322,2389"/>
          <TextEquiv>
            <Unicode>de</Unicode>
          </TextEquiv>
        </Word>
        <Word id="Record8_Line0_Word8">
          <Property key="category" value="location"/>
          <Property key="person" value="husband"/>
          <Coords points="1404,2288 1561,2288 1561,2410 1404,2410"/>
          <TextEquiv>
            <Unicode>Bara</Unicode>
          </TextEquiv>
        </Word>
        <Word id="Record8_Line0_Word9">
          <Property key="category" value="state"/>
          <Property key="person" value="husband"/>
          <Coords points="1557,2311 1687,2311 1687,2379 1557,2379"/>
          <TextEquiv>
            <Unicode>viudo</Unicode>
          </TextEquiv>
        </Word>
        <Word id="Record8_Line0_Word10">
          <Property key="category" value="other"/>
          <Property key="person" value="none"/>
          <Coords points="1692,2312 1760,2312 1760,2377 1692,2377"/>
          <TextEquiv>
            <Unicode>ab</Unicode>
          </TextEquiv>
        </Word>
        <Word id="Record8_Line0_Word11">
          <Property key="category" value="name"/>
          <Property key="person" value="wife"/>
          <Coords points="1784,2304 2056,2304 2056,2403 1784,2403"/>
          <TextEquiv>
            <Unicode>Magdalena</Unicode>
          </TextEquiv>
        </Word>
      </TextLine>
      <TextLine id="Record8_Line1">
        <Coords points="0,0 0,0"/>
        <Word id="Record8_Line1_Word0">
          <Property key="category" value="state"/>
          <Property key="person" value="wife"/>
          <Coords points="400,2419 561,2419 561,2505 400,2505"/>
          <TextEquiv>
            <Unicode>donsella</Unicode>
          </TextEquiv>
        </Word>
        <Word id="Record8_Line1_Word1">
          <Property key="category" value="other"/>
          <Property key="person" value="none"/>
          <Coords points="569,2411 697,2411 697,2493 569,2493"/>
          <TextEquiv>
            <Unicode>filla</Unicode>
          </TextEquiv>
        </Word>
        <Word id="Record8_Line1_Word2">
          <Property key="category" value="other"/>
          <Property key="person" value="none"/>
          <Coords points="712,2418 767,2418 767,2472 712,2472"/>
          <TextEquiv>
            <Unicode>de</Unicode>
          </TextEquiv>
        </Word>
        <Word id="Record8_Line1_Word3">
          <Property key="category" value="name"/>
          <Property key="person" value="wifes_father"/>
          <Coords points="776,2384 973,2384 973,2498 776,2498"/>
          <TextEquiv>
            <Unicode>Raphel</Unicode>
          </TextEquiv>
        </Word>
        <Word id="Record8_Line1_Word4">
          <Property key="category" value="surname"/>
          <Property key="person" value="wifes_father"/>
          <Coords points="995,2399 1210,2399 1210,2474 995,2474"/>
          <TextEquiv>
            <Unicode>Molines</Unicode>
          </TextEquiv>
        </Word>
        <Word id="Record8_Line1_Word5">
          <Property key="category" value="occupation"/>
          <Property key="person" value="wifes_father"/>
          <Coords points="1197,2411 1375,2411 1375,2500 1197,2500"/>
          <TextEquiv>
            <Unicode>calsater</Unicode>
          </TextEquiv>
        </Word>
        <Word id="Record8_Line1_Word6">
          <Property key="category" value="other"/>
          <Property key="person" value="none"/>
          <Coords points="1393,2416 1440,2416 1440,2472 1393,2472"/>
          <TextEquiv>
            <Unicode>de</Unicode>
          </TextEquiv>
        </Word>
        <Word id="Record8_Line1_Word7">
          <Property key="category" value="location"/>
          <Property key="person" value="wifes_father"/>
          <Coords points="1456,2411 1627,2411 1627,2472 1456,2472"/>
          <TextEquiv>
            <Unicode>Cervera</Unicode>
          </TextEquiv>
        </Word>
        <Word id="Record8_Line1_Word8">
          <Property key="category" value="location"/>
          <Property key="person" value="wifes_father"/>
          <Coords points="1644,2400 1786,2400 1786,2505 1644,2505"/>
          <TextEquiv>
            <Unicode>bisbat</Unicode>
          </TextEquiv>
        </Word>
        <Word id="Record8_Line1_Word9">
          <Property key="category" value="location"/>
          <Property key="person" value="wifes_father"/>
          <Coords points="1796,2406 1852,2406 1852,2465 1796,2465"/>
          <TextEquiv>
            <Unicode>de</Unicode>
          </TextEquiv>
        </Word>
        <Word id="Record8_Line1_Word10">
          <Property key="category" value="location"/>
          <Property key="person" value="wifes_father"/>
          <Coords points="1851,2402 2058,2402 2058,2498 1851,2498"/>
          <TextEquiv>
            <Unicode>Solsona</Unicode>
          </TextEquiv>
        </Word>
      </TextLine>
      <TextLine id="Record8_Line2">
        <Coords points="0,0 0,0"/>
        <Word id="Record8_Line2_Word0">
          <Property key="category" value="other"/>
          <Property key="person" value="none"/>
          <Coords points="391,2534 430,2534 430,2612 391,2612"/>
          <TextEquiv>
            <Unicode>y</Unicode>
          </TextEquiv>
        </Word>
        <Word id="Record8_Line2_Word1">
          <Property key="category" value="other"/>
          <Property key="person" value="none"/>
          <Coords points="436,2521 486,2521 486,2578 436,2578"/>
          <TextEquiv>
            <Unicode>de</Unicode>
          </TextEquiv>
        </Word>
        <Word id="Record8_Line2_Word2">
          <Property key="category" value="name"/>
          <Property key="person" value="wifes_mother"/>
          <Coords points="478,2508 706,2508 706,2602 478,2602"/>
          <TextEquiv>
            <Unicode>francisca</Unicode>
          </TextEquiv>
        </Word>
        <Word id="Record8_Line2_Word3">
          <Property key="category" value="other"/>
          <Property key="person" value="none"/>
          <Coords points="728,2499 944,2499 944,2595 728,2595"/>
          <TextEquiv>
            <Unicode>defuncts</Unicode>
          </TextEquiv>
        </Word>
      </TextLine>
    </TextRegion>
    <TextRegion id="Record9">
      <Coords points="0,0 0,0"/>
      <TextLine id="Record9_Line0">
        <Coords points="0,0 0,0"/>
        <Word id="Record9_Line0_Word0">
          <Property key="category" value="other"/>
          <Property key="person" value="none"/>
          <Coords points="376,2597 455,2597 455,2669 376,2669"/>
          <TextEquiv>
            <Unicode>Dit</Unicode>
          </TextEquiv>
        </Word>
        <Word id="Record9_Line0_Word1">
          <Property key="category" value="other"/>
          <Property key="person" value="none"/>
          <Coords points="459,2609 534,2609 534,2667 459,2667"/>
          <TextEquiv>
            <Unicode>dia</Unicode>
          </TextEquiv>
        </Word>
        <Word id="Record9_Line0_Word2">
          <Property key="category" value="other"/>
          <Property key="person" value="none"/>
          <Coords points="553,2596 701,2596 701,2669 553,2669"/>
          <TextEquiv>
            <Unicode>rebere</Unicode>
          </TextEquiv>
        </Word>
        <Word id="Record9_Line0_Word3">
          <Property key="category" value="other"/>
          <Property key="person" value="none"/>
          <Coords points="714,2603 799,2603 799,2667 714,2667"/>
          <TextEquiv>
            <Unicode>del</Unicode>
          </TextEquiv>
        </Word>
        <Word id="Record9_Line0_Word4">
          <Property key="category" value="other"/>
          <Property key="person" value="none"/>
          <Coords points="808,2573 898,2573 898,2667 808,2667"/>
          <TextEquiv>
            <Unicode>Sr</Unicode>
          </TextEquiv>
        </Word>
        <Word id="Record9_Line0_Word5">
          <Property key="category" value="other"/>
          <Property key="person" value="none"/>
          <Coords points="876,2594 1017,2594 1017,2687 876,2687"/>
          <TextEquiv>
            <Unicode>#</Unicode>
          </TextEquiv>
        </Word>
        <Word id="Record9_Line0_Word6">
          <Property key="category" value="name"/>
          <Property key="person" value="husband"/>
          <Coords points="1039,2566 1231,2566 1231,2693 1039,2693"/>
          <TextEquiv>
            <Unicode>Raphel</Unicode>
          </TextEquiv>
        </Word>
        <Word id="Record9_Line0_Word7">
          <Property key="category" value="surname"/>
          <Property key="person" value="husband"/>
          <Coords points="1273,2578 1442,2578 1442,2652 1273,2652"/>
          <TextEquiv>
            <Unicode>Nadal</Unicode>
          </TextEquiv>
        </Word>
        <Word id="Record9_Line0_Word8">
          <Property key="category" value="occupation"/>
          <Property key="person" value="husband"/>
          <Coords points="1461,2578 1607,2578 1607,2685 1461,2685"/>
          <TextEquiv>
            <Unicode>donsell</Unicode>
          </TextEquiv>
        </Word>
        <Word id="Record9_Line0_Word9">
          <Property key="category" value="other"/>
          <Property key="person" value="none"/>
          <Coords points="1620,2604 1684,2604 1684,2650 1620,2650"/>
          <TextEquiv>
            <Unicode>en</Unicode>
          </TextEquiv>
        </Word>
        <Word id="Record9_Line0_Word10">
          <Property key="category" value="location"/>
          <Property key="person" value="husband"/>
          <Coords points="1692,2546 1854,2546 1854,2671 1692,2671"/>
          <TextEquiv>
            <Unicode>Bara</Unicode>
          </TextEquiv>
        </Word>
        <Word id="Record9_Line0_Word11">
          <Property key="category" value="other"/>
          <Property key="person" value="none"/>
          <Coords points="1865,2570 1999,2570 1999,2642 1865,2642"/>
          <TextEquiv>
            <Unicode>domi=</Unicode>
          </TextEquiv>
        </Word>
      </TextLine>
      <TextLine id="Record9_Line1">
        <Coords points="0,0 0,0"/>
        <Word id="Record9_Line1_Word0">
          <Property key="category" value="other"/>
          <Property key="person" value="none"/>
          <Coords points="393,2694 522,2694 522,2761 393,2761"/>
          <TextEquiv>
            <Unicode>ciliat</Unicode>
          </TextEquiv>
        </Word>
        <Word id="Record9_Line1_Word1">
          <Property key="category" value="other"/>
          <Property key="person" value="none"/>
          <Coords points="528,2694 643,2694 643,2785 528,2785"/>
          <TextEquiv>
            <Unicode>fill</Unicode>
          </TextEquiv>
        </Word>
        <Word id="Record9_Line1_Word2">
          <Property key="category" value="other"/>
          <Property key="person" value="none"/>
          <Coords points="657,2692 733,2692 733,2759 657,2759"/>
          <TextEquiv>
            <Unicode>del</Unicode>
          </TextEquiv>
        </Word>
        <Word id="Record9_Line1_Word3">
          <Property key="category" value="other"/>
          <Property key="person" value="none"/>
          <Coords points="757,2684 834,2684 834,2759 757,2759"/>
          <TextEquiv>
            <Unicode>Sr</Unicode>
          </TextEquiv>
        </Word>
        <Word id="Record9_Line1_Word4">
          <Property key="category" value="other"/>
          <Property key="person" value="none"/>
          <Coords points="819,2666 1008,2666 1008,2780 819,2780"/>
          <TextEquiv>
            <Unicode>#</Unicode>
          </TextEquiv>
        </Word>
        <Word id="Record9_Line1_Word5">
          <Property key="category" value="other"/>
          <Property key="person" value="none"/>
          <Coords points="1025,2682 1111,2682 1111,2754 1025,2754"/>
          <TextEquiv>
            <Unicode>#</Unicode>
          </TextEquiv>
        </Word>
        <Word id="Record9_Line1_Word6">
          <Property key="category" value="name"/>
          <Property key="person" value="husbands_father"/>
          <Coords points="1133,2665 1320,2665 1320,2790 1133,2790"/>
          <TextEquiv>
            <Unicode>Raphel</Unicode>
          </TextEquiv>
        </Word>
        <Word id="Record9_Line1_Word7">
          <Property key="category" value="other"/>
          <Property key="person" value="none"/>
          <Coords points="1351,2672 1513,2672 1513,2748 1351,2748"/>
          <TextEquiv>
            <Unicode>Nadal</Unicode>
          </TextEquiv>
        </Word>
        <Word id="Record9_Line1_Word8">
          <Property key="category" value="occupation"/>
          <Property key="person" value="husbands_father"/>
          <Coords points="1534,2684 1728,2684 1728,2745 1534,2745"/>
          <TextEquiv>
            <Unicode>cavaller</Unicode>
          </TextEquiv>
        </Word>
        <Word id="Record9_Line1_Word9">
          <Property key="category" value="other"/>
          <Property key="person" value="none"/>
          <Coords points="1745,2701 1806,2701 1806,2748 1745,2748"/>
          <TextEquiv>
            <Unicode>en</Unicode>
          </TextEquiv>
        </Word>
        <Word id="Record9_Line1_Word10">
          <Property key="category" value="location"/>
          <Property key="person" value="husbands_father"/>
          <Coords points="1816,2646 1985,2646 1985,2769 1816,2769"/>
          <TextEquiv>
            <Unicode>Bara</Unicode>
          </TextEquiv>
        </Word>
      </TextLine>
      <TextLine id="Record9_Line2">
        <Coords points="0,0 0,0"/>
        <Word id="Record9_Line2_Word0">
          <Property key="category" value="other"/>
          <Property key="person" value="none"/>
          <Coords points="388,2798 570,2798 570,2909 388,2909"/>
          <TextEquiv>
            <Unicode>populat</Unicode>
          </TextEquiv>
        </Word>
        <Word id="Record9_Line2_Word1">
          <Property key="category" value="other"/>
          <Property key="person" value="none"/>
          <Coords points="588,2787 703,2787 703,2856 588,2856"/>
          <TextEquiv>
            <Unicode>olim</Unicode>
          </TextEquiv>
        </Word>
        <Word id="Record9_Line2_Word2">
          <Property key="category" value="other"/>
          <Property key="person" value="none"/>
          <Coords points="721,2772 866,2772 866,2882 721,2882"/>
          <TextEquiv>
            <Unicode>llaych</Unicode>
          </TextEquiv>
        </Word>
        <Word id="Record9_Line2_Word3">
          <Property key="category" value="other"/>
          <Property key="person" value="none"/>
          <Coords points="852,2815 912,2815 912,2875 852,2875"/>
          <TextEquiv>
            <Unicode>y</Unicode>
          </TextEquiv>
        </Word>
        <Word id="Record9_Line2_Word4">
          <Property key="category" value="other"/>
          <Property key="person" value="none"/>
          <Coords points="920,2805 1015,2805 1015,2870 920,2870"/>
          <TextEquiv>
            <Unicode>vuy</Unicode>
          </TextEquiv>
        </Word>
        <Word id="Record9_Line2_Word5">
          <Property key="category" value="other"/>
          <Property key="person" value="none"/>
          <Coords points="1010,2782 1206,2782 1206,2871 1010,2871"/>
          <TextEquiv>
            <Unicode>sacerdot</Unicode>
          </TextEquiv>
        </Word>
        <Word id="Record9_Line2_Word6">
          <Property key="category" value="other"/>
          <Property key="person" value="none"/>
          <Coords points="1220,2803 1269,2803 1269,2888 1220,2888"/>
          <TextEquiv>
            <Unicode>y</Unicode>
          </TextEquiv>
        </Word>
        <Word id="Record9_Line2_Word7">
          <Property key="category" value="other"/>
          <Property key="person" value="none"/>
          <Coords points="1264,2787 1323,2787 1323,2845 1264,2845"/>
          <TextEquiv>
            <Unicode>de</Unicode>
          </TextEquiv>
        </Word>
        <Word id="Record9_Line2_Word8">
          <Property key="category" value="other"/>
          <Property key="person" value="none"/>
          <Coords points="1326,2777 1384,2777 1384,2840 1326,2840"/>
          <TextEquiv>
            <Unicode>la</Unicode>
          </TextEquiv>
        </Word>
        <Word id="Record9_Line2_Word9">
          <Property key="category" value="other"/>
          <Property key="person" value="none"/>
          <Coords points="1415,2768 1529,2768 1529,2845 1415,2845"/>
          <TextEquiv>
            <Unicode>Sra</Unicode>
          </TextEquiv>
        </Word>
        <Word id="Record9_Line2_Word10">
          <Property key="category" value="name"/>
          <Property key="person" value="husbands_mother"/>
          <Coords points="1534,2751 1701,2751 1701,2844 1534,2844"/>
          <TextEquiv>
            <Unicode>Paula</Unicode>
          </TextEquiv>
        </Word>
        <Word id="Record9_Line2_Word11">
          <Property key="category" value="other"/>
          <Property key="person" value="none"/>
          <Coords points="1727,2768 1987,2768 1987,2864 1727,2864"/>
          <TextEquiv>
            <Unicode>defuncta</Unicode>
          </TextEquiv>
        </Word>
      </TextLine>
      <TextLine id="Record9_Line3">
        <Coords points="0,0 0,0"/>
        <Word id="Record9_Line3_Word0">
          <Property key="category" value="other"/>
          <Property key="person" value="none"/>
          <Coords points="397,2891 460,2891 460,2953 397,2953"/>
          <TextEquiv>
            <Unicode>ab</Unicode>
          </TextEquiv>
        </Word>
        <Word id="Record9_Line3_Word1">
          <Property key="category" value="other"/>
          <Property key="person" value="none"/>
          <Coords points="469,2891 520,2891 520,2958 469,2958"/>
          <TextEquiv>
            <Unicode>la</Unicode>
          </TextEquiv>
        </Word>
        <Word id="Record9_Line3_Word2">
          <Property key="category" value="other"/>
          <Property key="person" value="none"/>
          <Coords points="534,2873 653,2873 653,2954 534,2954"/>
          <TextEquiv>
            <Unicode>Sra</Unicode>
          </TextEquiv>
        </Word>
        <Word id="Record9_Line3_Word3">
          <Property key="category" value="name"/>
          <Property key="person" value="wife"/>
          <Coords points="659,2863 965,2863 965,2954 659,2954"/>
          <TextEquiv>
            <Unicode>Emerentiana</Unicode>
          </TextEquiv>
        </Word>
        <Word id="Record9_Line3_Word4">
          <Property key="category" value="state"/>
          <Property key="person" value="wife"/>
          <Coords points="982,2881 1160,2881 1160,2977 982,2977"/>
          <TextEquiv>
            <Unicode>donsella</Unicode>
          </TextEquiv>
        </Word>
        <Word id="Record9_Line3_Word5">
          <Property key="category" value="other"/>
          <Property key="person" value="none"/>
          <Coords points="1165,2875 1316,2875 1316,2970 1165,2970"/>
          <TextEquiv>
            <Unicode>filla</Unicode>
          </TextEquiv>
        </Word>
        <Word id="Record9_Line3_Word6">
          <Property key="category" value="other"/>
          <Property key="person" value="none"/>
          <Coords points="1326,2867 1409,2867 1409,2939 1326,2939"/>
          <TextEquiv>
            <Unicode>del</Unicode>
          </TextEquiv>
        </Word>
        <Word id="Record9_Line3_Word7">
          <Property key="category" value="other"/>
          <Property key="person" value="none"/>
          <Coords points="1417,2851 1496,2851 1496,2930 1417,2930"/>
          <TextEquiv>
            <Unicode>Sr</Unicode>
          </TextEquiv>
        </Word>
        <Word id="Record9_Line3_Word8">
          <Property key="category" value="name"/>
          <Property key="person" value="wifes_father"/>
          <Coords points="1500,2858 1671,2858 1671,2975 1500,2975"/>
          <TextEquiv>
            <Unicode>Gregori</Unicode>
          </TextEquiv>
        </Word>
        <Word id="Record9_Line3_Word9">
          <Property key="category" value="name"/>
          <Property key="person" value="wifes_father"/>
          <Coords points="1665,2850 1790,2850 1790,2956 1665,2956"/>
          <TextEquiv>
            <Unicode>Jua</Unicode>
          </TextEquiv>
        </Word>
        <Word id="Record9_Line3_Word10">
          <Property key="category" value="surname"/>
          <Property key="person" value="wifes_father"/>
          <Coords points="1805,2843 2022,2843 2022,2923 1805,2923"/>
          <TextEquiv>
            <Unicode>domenech</Unicode>
          </TextEquiv>
        </Word>
      </TextLine>
      <TextLine id="Record9_Line4">
        <Coords points="0,0 0,0"/>
        <Word id="Record9_Line4_Word0">
          <Property key="category" value="other"/>
          <Property key="person" value="none"/>
          <Coords points="381,3012 428,3012 428,3084 381,3084"/>
          <TextEquiv>
            <Unicode>y</Unicode>
          </TextEquiv>
        </Word>
        <Word id="Record9_Line4_Word1">
          <Property key="category" value="surname"/>
          <Property key="person" value="wifes_father"/>
          <Coords points="425,2976 635,2976 635,3087 425,3087"/>
          <TextEquiv>
            <Unicode>desbarri</Unicode>
          </TextEquiv>
        </Word>
        <Word id="Record9_Line4_Word2">
          <Property key="category" value="other"/>
          <Property key="person" value="none"/>
          <Coords points="656,2977 758,2977 758,3079 656,3079"/>
          <TextEquiv>
            <Unicode>#</Unicode>
          </TextEquiv>
        </Word>
        <Word id="Record9_Line4_Word3">
          <Property key="category" value="other"/>
          <Property key="person" value="none"/>
          <Coords points="755,3002 818,3002 818,3046 755,3046"/>
          <TextEquiv>
            <Unicode>en</Unicode>
          </TextEquiv>
        </Word>
        <Word id="Record9_Line4_Word4">
          <Property key="category" value="other"/>
          <Property key="person" value="none"/>
          <Coords points="819,2983 880,2983 880,3051 819,3051"/>
          <TextEquiv>
            <Unicode>la</Unicode>
          </TextEquiv>
        </Word>
        <Word id="Record9_Line4_Word5">
          <Property key="category" value="other"/>
          <Property key="person" value="none"/>
          <Coords points="892,2981 1038,2981 1038,3047 892,3047"/>
          <TextEquiv>
            <Unicode>ciutat</Unicode>
          </TextEquiv>
        </Word>
        <Word id="Record9_Line4_Word6">
          <Property key="category" value="other"/>
          <Property key="person" value="none"/>
          <Coords points="1049,2979 1114,2979 1114,3046 1049,3046"/>
          <TextEquiv>
            <Unicode>de</Unicode>
          </TextEquiv>
        </Word>
        <Word id="Record9_Line4_Word7">
          <Property key="category" value="location"/>
          <Property key="person" value="wifes_father"/>
          <Coords points="1122,2964 1226,2964 1226,3046 1122,3046"/>
          <TextEquiv>
            <Unicode>Vich</Unicode>
          </TextEquiv>
        </Word>
        <Word id="Record9_Line4_Word8">
          <Property key="category" value="other"/>
          <Property key="person" value="none"/>
          <Coords points="1244,2965 1479,2965 1479,3037 1244,3037"/>
          <TextEquiv>
            <Unicode>domiciliat</Unicode>
          </TextEquiv>
        </Word>
        <Word id="Record9_Line4_Word9">
          <Property key="category" value="other"/>
          <Property key="person" value="none"/>
          <Coords points="1500,2964 1687,2964 1687,3056 1500,3056"/>
          <TextEquiv>
            <Unicode>defunct</Unicode>
          </TextEquiv>
        </Word>
        <Word id="Record9_Line4_Word10">
          <Property key="category" value="other"/>
          <Property key="person" value="none"/>
          <Coords points="1693,2984 1742,2984 1742,3066 1693,3066"/>
          <TextEquiv>
            <Unicode>y</Unicode>
          </TextEquiv>
        </Word>
        <Word id="Record9_Line4_Word11">
          <Property key="category" value="other"/>
          <Property key="person" value="none"/>
          <Coords points="1739,2958 1808,2958 1808,3023 1739,3023"/>
          <TextEquiv>
            <Unicode>de</Unicode>
          </TextEquiv>
        </Word>
        <Word id="Record9_Line4_Word12">
          <Property key="category" value="other"/>
          <Property key="person" value="none"/>
          <Coords points="1803,2946 1861,2946 1861,3018 1803,3018"/>
          <TextEquiv>
            <Unicode>la</Unicode>
          </TextEquiv>
        </Word>
        <Word id="Record9_Line4_Word13">
          <Property key="category" value="other"/>
          <Property key="person" value="none"/>
          <Coords points="1877,2934 2002,2934 2002,3016 1877,3016"/>
          <TextEquiv>
            <Unicode>Sra</Unicode>
          </TextEquiv>
        </Word>
      </TextLine>
      <TextLine id="Record9_Line5">
        <Coords points="0,0 0,0"/>
        <Word id="Record9_Line5_Word0">
          <Property key="category" value="name"/>
          <Property key="person" value="wifes_mother"/>
          <Coords points="374,3052 533,3052 533,3139 374,3139"/>
          <TextEquiv>
            <Unicode>Paula</Unicode>
          </TextEquiv>
        </Word>
        <Word id="Record9_Line5_Word1">
          <Property key="category" value="surname"/>
          <Property key="person" value="wifes_mother"/>
          <Coords points="562,3060 802,3060 802,3146 562,3146"/>
          <TextEquiv>
            <Unicode>domenech</Unicode>
          </TextEquiv>
        </Word>
        <Word id="Record9_Line5_Word2">
          <Property key="category" value="other"/>
          <Property key="person" value="none"/>
          <Coords points="810,3102 861,3102 861,3191 810,3191"/>
          <TextEquiv>
            <Unicode>y</Unicode>
          </TextEquiv>
        </Word>
        <Word id="Record9_Line5_Word3">
          <Property key="category" value="surname"/>
          <Property key="person" value="wifes_mother"/>
          <Coords points="876,3055 1074,3055 1074,3186 876,3186"/>
          <TextEquiv>
            <Unicode>Peratge</Unicode>
          </TextEquiv>
        </Word>
      </TextLine>
    </TextRegion>
    <TextRegion id="Record10">
      <Coords points="0,0 0,0"/>
      <TextLine id="Record10_Line0">
        <Coords points="0,0 0,0"/>
        <Word id="Record10_Line0_Word0">
          <Property key="category" value="other"/>
          <Property key="person" value="none"/>
          <Coords points="390,3161 456,3161 456,3222 390,3222"/>
          <TextEquiv>
            <Unicode>Dit</Unicode>
          </TextEquiv>
        </Word>
        <Word id="Record10_Line0_Word1">
          <Property key="category" value="other"/>
          <Property key="person" value="none"/>
          <Coords points="464,3164 540,3164 540,3222 464,3222"/>
          <TextEquiv>
            <Unicode>dia</Unicode>
          </TextEquiv>
        </Word>
        <Word id="Record10_Line0_Word2">
          <Property key="category" value="other"/>
          <Property key="person" value="none"/>
          <Coords points="556,3157 682,3157 682,3227 556,3227"/>
          <TextEquiv>
            <Unicode>rebere</Unicode>
          </TextEquiv>
        </Word>
        <Word id="Record10_Line0_Word3">
          <Property key="category" value="other"/>
          <Property key="person" value="none"/>
          <Coords points="684,3176 740,3176 740,3229 684,3229"/>
          <TextEquiv>
            <Unicode>de</Unicode>
          </TextEquiv>
        </Word>
        <Word id="Record10_Line0_Word4">
          <Property key="category" value="name"/>
          <Property key="person" value="husband"/>
          <Coords points="739,3162 967,3162 967,3251 739,3251"/>
          <TextEquiv>
            <Unicode>francesch</Unicode>
          </TextEquiv>
        </Word>
        <Word id="Record10_Line0_Word5">
          <Property key="category" value="surname"/>
          <Property key="person" value="husband"/>
          <Coords points="996,3162 1118,3162 1118,3250 996,3250"/>
          <TextEquiv>
            <Unicode>Ursol</Unicode>
          </TextEquiv>
        </Word>
        <Word id="Record10_Line0_Word6">
          <Property key="category" value="occupation"/>
          <Property key="person" value="husband"/>
          <Coords points="1126,3167 1262,3167 1262,3242 1126,3242"/>
          <TextEquiv>
            <Unicode>pages</Unicode>
          </TextEquiv>
        </Word>
        <Word id="Record10_Line0_Word7">
          <Property key="category" value="other"/>
          <Property key="person" value="none"/>
          <Coords points="1275,3155 1327,3155 1327,3213 1275,3213"/>
          <TextEquiv>
            <Unicode>de</Unicode>
          </TextEquiv>
        </Word>
        <Word id="Record10_Line0_Word8">
          <Property key="category" value="location"/>
          <Property key="person" value="husband"/>
          <Coords points="1340,3117 1559,3117 1559,3229 1340,3229"/>
          <TextEquiv>
            <Unicode>Ronsana</Unicode>
          </TextEquiv>
        </Word>
        <Word id="Record10_Line0_Word9">
          <Property key="category" value="other"/>
          <Property key="person" value="none"/>
          <Coords points="1581,3131 1763,3131 1763,3198 1581,3198"/>
          <TextEquiv>
            <Unicode>habitant</Unicode>
          </TextEquiv>
        </Word>
        <Word id="Record10_Line0_Word10">
          <Property key="category" value="other"/>
          <Property key="person" value="none"/>
          <Coords points="1771,3155 1825,3155 1825,3198 1771,3198"/>
          <TextEquiv>
            <Unicode>en</Unicode>
          </TextEquiv>
        </Word>
        <Word id="Record10_Line0_Word11">
          <Property key="category" value="location"/>
          <Property key="person" value="husband"/>
          <Coords points="1830,3130 1992,3130 1992,3208 1830,3208"/>
          <TextEquiv>
            <Unicode>Caldes</Unicode>
          </TextEquiv>
        </Word>
      </TextLine>
      <TextLine id="Record10_Line1">
        <Coords points="0,0 0,0"/>
        <Word id="Record10_Line1_Word0">
          <Property key="category" value="location"/>
          <Property key="person" value="husband"/>
          <Coords points="397,3249 440,3249 440,3308 397,3308"/>
          <TextEquiv>
            <Unicode>de</Unicode>
          </TextEquiv>
        </Word>
        <Word id="Record10_Line1_Word1">
          <Property key="category" value="location"/>
          <Property key="person" value="husband"/>
          <Coords points="446,3245 619,3245 619,3332 446,3332"/>
          <TextEquiv>
            <Unicode>Monbuy</Unicode>
          </TextEquiv>
        </Word>
        <Word id="Record10_Line1_Word2">
          <Property key="category" value="other"/>
          <Property key="person" value="none"/>
          <Coords points="631,3237 738,3237 738,3332 631,3332"/>
          <TextEquiv>
            <Unicode>fill</Unicode>
          </TextEquiv>
        </Word>
        <Word id="Record10_Line1_Word3">
          <Property key="category" value="other"/>
          <Property key="person" value="none"/>
          <Coords points="751,3261 799,3261 799,3310 751,3310"/>
          <TextEquiv>
            <Unicode>de</Unicode>
          </TextEquiv>
        </Word>
        <Word id="Record10_Line1_Word4">
          <Property key="category" value="name"/>
          <Property key="person" value="husbands_father"/>
          <Coords points="829,3241 994,3241 994,3331 829,3331"/>
          <TextEquiv>
            <Unicode>Miquel</Unicode>
          </TextEquiv>
        </Word>
        <Word id="Record10_Line1_Word5">
          <Property key="category" value="surname"/>
          <Property key="person" value="husbands_father"/>
          <Coords points="1019,3240 1139,3240 1139,3332 1019,3332"/>
          <TextEquiv>
            <Unicode>Ursol</Unicode>
          </TextEquiv>
        </Word>
        <Word id="Record10_Line1_Word6">
          <Property key="category" value="occupation"/>
          <Property key="person" value="husbands_father"/>
          <Coords points="1143,3252 1270,3252 1270,3336 1143,3336"/>
          <TextEquiv>
            <Unicode>pages</Unicode>
          </TextEquiv>
        </Word>
        <Word id="Record10_Line1_Word7">
          <Property key="category" value="other"/>
          <Property key="person" value="none"/>
          <Coords points="1283,3238 1334,3238 1334,3293 1283,3293"/>
          <TextEquiv>
            <Unicode>de</Unicode>
          </TextEquiv>
        </Word>
        <Word id="Record10_Line1_Word8">
          <Property key="category" value="location"/>
          <Property key="person" value="husbands_father"/>
          <Coords points="1337,3224 1483,3224 1483,3310 1337,3310"/>
          <TextEquiv>
            <Unicode>Caldes</Unicode>
          </TextEquiv>
        </Word>
        <Word id="Record10_Line1_Word9">
          <Property key="category" value="other"/>
          <Property key="person" value="none"/>
          <Coords points="1491,3223 1657,3223 1657,3313 1491,3313"/>
          <TextEquiv>
            <Unicode>defunct</Unicode>
          </TextEquiv>
        </Word>
        <Word id="Record10_Line1_Word10">
          <Property key="category" value="other"/>
          <Property key="person" value="none"/>
          <Coords points="1658,3249 1705,3249 1705,3312 1658,3312"/>
          <TextEquiv>
            <Unicode>y</Unicode>
          </TextEquiv>
        </Word>
        <Word id="Record10_Line1_Word11">
          <Property key="category" value="other"/>
          <Property key="person" value="none"/>
          <Coords points="1702,3223 1754,3223 1754,3288 1702,3288"/>
          <TextEquiv>
            <Unicode>de</Unicode>
          </TextEquiv>
        </Word>
        <Word id="Record10_Line1_Word12">
          <Property key="category" value="name"/>
          <Property key="person" value="husbands_mother"/>
          <Coords points="1764,3221 2017,3221 2017,3293 1764,3293"/>
          <TextEquiv>
            <Unicode>Catherina</Unicode>
          </TextEquiv>
        </Word>
      </TextLine>
      <TextLine id="Record10_Line2">
        <Coords points="0,0 0,0"/>
        <Word id="Record10_Line2_Word0">
          <Property key="category" value="other"/>
          <Property key="person" value="none"/>
          <Coords points="391,3325 456,3325 456,3384 391,3384"/>
          <TextEquiv>
            <Unicode>ab</Unicode>
          </TextEquiv>
        </Word>
        <Word id="Record10_Line2_Word1">
          <Property key="category" value="name"/>
          <Property key="person" value="wife"/>
          <Coords points="468,3330 685,3330 685,3395 468,3395"/>
          <TextEquiv>
            <Unicode>Catherina</Unicode>
          </TextEquiv>
        </Word>
        <Word id="Record10_Line2_Word2">
          <Property key="category" value="state"/>
          <Property key="person" value="wife"/>
          <Coords points="707,3333 880,3333 880,3419 707,3419"/>
          <TextEquiv>
            <Unicode>donsella</Unicode>
          </TextEquiv>
        </Word>
        <Word id="Record10_Line2_Word3">
          <Property key="category" value="other"/>
          <Property key="person" value="none"/>
          <Coords points="886,3331 1013,3331 1013,3422 886,3422"/>
          <TextEquiv>
            <Unicode>filla</Unicode>
          </TextEquiv>
        </Word>
        <Word id="Record10_Line2_Word4">
          <Property key="category" value="other"/>
          <Property key="person" value="none"/>
          <Coords points="1028,3335 1077,3335 1077,3391 1028,3391"/>
          <TextEquiv>
            <Unicode>de</Unicode>
          </TextEquiv>
        </Word>
        <Word id="Record10_Line2_Word5">
          <Property key="category" value="name"/>
          <Property key="person" value="wifes_father"/>
          <Coords points="1092,3328 1288,3328 1288,3420 1092,3420"/>
          <TextEquiv>
            <Unicode>Sebastia</Unicode>
          </TextEquiv>
        </Word>
        <Word id="Record10_Line2_Word6">
          <Property key="category" value="surname"/>
          <Property key="person" value="wifes_father"/>
          <Coords points="1310,3314 1426,3314 1426,3386 1310,3386"/>
          <TextEquiv>
            <Unicode>Mas</Unicode>
          </TextEquiv>
        </Word>
        <Word id="Record10_Line2_Word7">
          <Property key="category" value="occupation"/>
          <Property key="person" value="wifes_father"/>
          <Coords points="1431,3330 1561,3330 1561,3414 1431,3414"/>
          <TextEquiv>
            <Unicode>pages</Unicode>
          </TextEquiv>
        </Word>
        <Word id="Record10_Line2_Word8">
          <Property key="category" value="other"/>
          <Property key="person" value="none"/>
          <Coords points="1574,3319 1627,3319 1627,3382 1574,3382"/>
          <TextEquiv>
            <Unicode>de</Unicode>
          </TextEquiv>
        </Word>
        <Word id="Record10_Line2_Word9">
          <Property key="category" value="location"/>
          <Property key="person" value="wifes_father"/>
          <Coords points="1629,3290 1902,3290 1902,3386 1629,3386"/>
          <TextEquiv>
            <Unicode>Palaudaries</Unicode>
          </TextEquiv>
        </Word>
        <Word id="Record10_Line2_Word10">
          <Property key="category" value="other"/>
          <Property key="person" value="none"/>
          <Coords points="1888,3342 1960,3342 1960,3407 1888,3407"/>
          <TextEquiv>
            <Unicode>y</Unicode>
          </TextEquiv>
        </Word>
      </TextLine>
      <TextLine id="Record10_Line3">
        <Coords points="0,0 0,0"/>
        <Word id="Record10_Line3_Word0">
          <Property key="category" value="other"/>
          <Property key="person" value="none"/>
          <Coords points="391,3416 444,3416 444,3478 391,3478"/>
          <TextEquiv>
            <Unicode>de</Unicode>
          </TextEquiv>
        </Word>
        <Word id="Record10_Line3_Word1">
          <Property key="category" value="name"/>
          <Property key="person" value="wifes_mother"/>
          <Coords points="464,3402 646,3402 646,3478 464,3478"/>
          <TextEquiv>
            <Unicode>Antonia</Unicode>
          </TextEquiv>
        </Word>
        <Word id="Record10_Line3_Word2">
          <Property key="category" value="other"/>
          <Property key="person" value="none"/>
          <Coords points="666,3414 880,3414 880,3495 666,3495"/>
          <TextEquiv>
            <Unicode>defuncts</Unicode>
          </TextEquiv>
        </Word>
      </TextLine>
    </TextRegion>
  </Page>
</PcGts>
