2690 3794
361 284 623 387 Divendres
635 347 676 389 a
682 336 761 396 23
777 312 923 387 rebere
938 331 986 387 de
1004 310 1164 389 Antoni
1176 315 1313 391 Sidos
1301 335 1509 427 serrador
1521 329 1573 389 de
1583 328 1765 422 fransa
1779 320 1994 392 habitant

410 435 471 479 en
483 391 647 501 Bara
642 418 714 480 ab
730 396 901 475 Eleonor
915 416 1101 507 #
1109 416 1257 480 viuda
1267 416 1322 480 de
1340 395 1542 477 Bertran
1559 398 1736 480 Badia
1750 405 1907 480 hortola
1924 418 1978 479 de

406 511 572 597 fransa
595 497 780 565 habitant
789 523 852 562 en
866 479 1014 584 Bara

410 599 609 692 Dissapte
624 615 660 657 a
675 610 768 676 24
782 585 934 657 rebere
947 596 1003 657 de
1022 578 1223 671 Sebastia
1234 578 1353 641 Soler
1379 569 1562 641 sabater
1579 576 1644 636 de
1657 546 1811 657 Bara
1801 566 1909 652 fill
1915 567 1973 630 de

428 686 616 789 Miquel
646 686 781 750 Soler
795 696 928 791 pages
949 681 1007 741 de
1013 659 1095 743 St
1103 665 1246 734 Celoni
1261 673 1446 757 defunct
1456 693 1508 754 y
1519 670 1577 734 de
1597 654 1891 752 Hieronyma
1912 661 1983 726 ab

428 784 707 889 Magdalena
730 779 937 877 donsella
936 774 1068 872 filla
1094 774 1153 842 de
1149 765 1408 875 francesch
1425 737 1609 858 Bofill
1612 784 1744 867 pages
1761 769 1822 831 de
1823 749 1996 819 Molins

425 898 482 962 de
493 896 582 980 rey
602 890 796 988 defunct
791 903 858 976 y
873 888 927 949 de
946 868 1201 980 Stephania

408 982 623 1075 Diumenge
637 996 678 1040 a
695 984 781 1041 25
789 966 937 1036 rebere
956 977 1007 1034 de
1020 954 1181 1032 Arnau
1173 956 1364 1057 feraut
1370 959 1589 1047 retorsedor
1597 957 1642 1015 de
1657 950 1778 1011 llana
1790 945 1858 1004 del
1877 928 2023 1027 Regne

419 1077 471 1135 de
475 1067 661 1170 frança
684 1060 876 1128 habitant
891 1077 950 1124 en
964 1039 1116 1147 Bara
1125 1056 1197 1117 ab
1194 1044 1395 1119 Antonia
1399 1047 1540 1108 viuda
1561 1039 1615 1106 de
1634 1033 1827 1130 Miquel
1808 1033 2025 1135 Jonchar

415 1162 614 1255 retorsedor
637 1162 692 1226 de
708 1153 832 1221 llana
855 1159 908 1220 de
926 1132 1079 1239 Bara

401 1257 480 1320 Dit
484 1263 562 1315 dia
571 1245 749 1322 rebere
740 1259 787 1315 de
806 1254 957 1339 Onofre
971 1233 1148 1311 Torres
1162 1233 1348 1334 botiguer
1365 1236 1417 1293 de
1425 1229 1546 1295 telas
1541 1225 1615 1317 #
1625 1227 1684 1287 de
1696 1199 1843 1309 Bara
1846 1213 1958 1309 fill
1955 1222 2012 1283 de

403 1344 640 1437 francesch
659 1333 828 1407 Torres
809 1340 1012 1435 sabater
1029 1333 1206 1424 defunct
1207 1360 1261 1433 y
1261 1338 1317 1401 de
1338 1316 1529 1389 Eularia
1561 1324 1631 1385 ab
1648 1312 1940 1417 Margarida
1950 1307 2005 1380 do

406 1441 533 1523 sella
528 1437 658 1526 filla
679 1442 731 1498 de
735 1418 918 1496 Antoni
933 1425 1063 1526 Costa
1078 1420 1261 1530 botiguer
1269 1430 1328 1493 de
1341 1427 1448 1493 telas
1463 1428 1526 1488 de
1525 1398 1700 1503 Bara
1674 1442 1734 1507 y
1737 1423 1794 1486 de
1810 1390 2047 1507 Maryana

408 1533 580 1597 Dilluns
595 1554 634 1588 a
642 1529 736 1588 26
744 1522 894 1590 rebere
911 1534 959 1594 de
965 1531 1094 1618 juan
1116 1510 1337 1611 Aydrach
1356 1517 1608 1581 treballador
1621 1515 1695 1581 del
1701 1533 1829 1609 regne
1839 1518 1894 1579 de
1890 1499 2038 1609 fraça

426 1619 649 1692 habitant
659 1643 723 1687 en
738 1613 988 1717 Granollers
1007 1619 1148 1682 viudo
1178 1610 1261 1680 ab
1258 1610 1446 1713 Angela
1457 1613 1658 1712 donsella
1643 1617 1789 1706 filla
1812 1621 1865 1680 de
1886 1598 2047 1717 Esteva

421 1700 603 1782 Rocha
610 1725 752 1819 pages
771 1714 825 1780 de
839 1714 898 1775 la
917 1709 1103 1816 Garriga
1113 1735 1163 1812 y
1165 1714 1221 1779 de
1240 1684 1470 1803 Elisabeth
1492 1711 1697 1802 defuncts

410 1815 491 1881 Dit
506 1811 583 1874 dia
597 1808 727 1874 rebere
737 1811 787 1876 de
782 1804 1021 1909 francesch
1033 1795 1182 1877 Pobla
1183 1830 1310 1915 pages
1319 1818 1373 1874 de
1390 1802 1518 1867 Mata
1527 1804 1580 1865 de
1568 1822 1675 1895 pera
1670 1804 1776 1897 fill
1793 1808 1845 1867 de
1863 1804 2041 1867 Salva=

419 1912 484 1967 dor
488 1892 640 1973 Pobla
644 1926 768 2012 pages
766 1942 819 1996 y
831 1915 890 1978 de
891 1898 1059 1969 Violant
1076 1906 1264 1982 defuncts
1285 1903 1355 1964 ab
1365 1894 1526 1964 Maria
1537 1898 1722 1997 donsella
1728 1900 1860 1980 filla
1877 1894 1954 1957 de

415 2003 676 2100 Montserrat
689 2011 805 2103 Otset
813 2018 952 2102 pages
958 2012 1012 2070 de
1036 1988 1237 2089 Monistrol
1249 1996 1299 2056 de
1312 1984 1479 2066 Calders
1488 1982 1633 2091 bisbat
1648 1998 1702 2054 de
1712 1986 1816 2056 Vich
1813 2014 1869 2114 y
1875 1995 1956 2057 de

419 2106 591 2170 Maria
610 2106 832 2195 defuncts

410 2196 576 2260 Dimars
590 2213 634 2255 a
633 2210 712 2255 27
735 2183 876 2246 rebere
897 2187 945 2246 de
962 2153 1079 2239 Pere
1093 2164 1304 2255 Alemany
1312 2187 1450 2273 pages
1463 2167 1537 2234 del
1536 2182 1673 2257 regne
1692 2167 1744 2227 de
1735 2157 1905 2257 frança
1919 2155 2007 2222 ha=

426 2282 571 2345 bitant
586 2302 643 2340 en
662 2268 741 2338 St
740 2265 910 2336 Andreu
928 2279 980 2335 de
996 2261 1255 2327 Llavaneres
1273 2266 1345 2329 ab
1346 2254 1524 2351 Angela
1534 2257 1679 2316 viuda
1697 2259 1751 2313 de
1751 2237 1861 2313 Pere
1877 2246 1996 2315 Vila

422 2389 548 2477 pages
572 2374 625 2431 de
652 2357 910 2466 Granollers

414 2467 488 2526 Dit
495 2471 569 2528 dia
585 2452 722 2522 rebere
731 2465 783 2524 de
780 2452 920 2552 Juan
911 2447 1066 2557 Isern
1074 2458 1263 2550 parayre
1282 2443 1336 2502 de
1350 2427 1642 2537 Sparaguera
1654 2428 1807 2497 viudo
1821 2427 1895 2492 ab
1875 2423 2058 2533 Juana

410 2560 559 2621 viuda
585 2563 635 2624 de
656 2540 824 2621 Antoni
836 2549 985 2617 Serra
992 2565 1135 2663 pages
1149 2551 1199 2612 de
1205 2519 1285 2604 St
1282 2536 1447 2606 llorens
1459 2540 1514 2601 de
1524 2536 1683 2594 Morull
1695 2519 1833 2623 bisbat
1843 2530 1895 2584 de
1890 2527 2052 2626 Solsona

388 2649 604 2725 Dimecres
620 2680 661 2723 a
678 2673 768 2721 28
787 2645 942 2723 rebere
967 2660 1019 2719 de
1031 2658 1199 2752 jaume
1202 2647 1475 2743 fontanills
1487 2645 1687 2756 pescador
1693 2644 1756 2704 de
1770 2609 1959 2728 Bara

399 2749 513 2832 fill
528 2749 587 2818 de
605 2735 830 2854 Galceran
830 2744 1098 2843 fontanills
1108 2746 1308 2852 pescador
1301 2771 1364 2838 y
1384 2749 1450 2810 de
1457 2718 1628 2801 Paula
1646 2727 1734 2797 ab
1731 2727 2009 2796 Catherina

408 2846 614 2938 donsella
622 2837 775 2934 filla
798 2850 858 2912 de
877 2835 1109 2909 Salvador
1125 2815 1304 2942 Bosch
1318 2831 1495 2903 hortola
1521 2837 1585 2903 de
1583 2809 1734 2933 Bara
1701 2862 1765 2920 y
1774 2839 1831 2903 de
1836 2811 2024 2929 Angela

405 2948 479 3007 Dit
497 2941 569 3002 dia
581 2928 717 3003 rebere
727 2939 777 3005 de
795 2937 938 3024 Onofre
943 2943 1096 3035 jaume
1112 2915 1223 3002 Bru
1243 2939 1366 2998 doctor
1372 2955 1428 2994 en
1438 2930 1659 2992 Medicina
1676 2935 1730 2987 de
1731 2904 1889 3007 Bara
1901 2915 2011 2980 habi=

410 3045 520 3096 tant
523 3059 582 3102 en
607 3026 854 3140 Granollers
859 3032 961 3122 fill
973 3026 1032 3093 de
1031 3039 1150 3113 Onofre
1159 3024 1304 3106 Hierony
1280 2991 1407 3089 Bru
1412 3043 1610 3129 parayre
1627 3023 1687 3084 de
1697 2993 1844 3100 Bara
1838 3039 1882 3104 y
1890 3015 1944 3073 de

435 3136 702 3237 Speransa
721 3128 788 3197 ab
804 3105 1029 3218 Raphela
1059 3130 1242 3226 donsella
1253 3121 1381 3217 filla
1399 3128 1454 3187 de
1463 3128 1585 3228 juan
1590 3094 1720 3184 Pere
1738 3117 1902 3187 Vernet
1905 3138 1968 3200 y

425 3225 621 3299 Llorenço
637 3252 751 3319 nots
759 3236 814 3295 de
840 3218 1086 3339 Granollers
1076 3259 1139 3326 y
1153 3234 1210 3299 de
1230 3194 1449 3297 Beneta
1464 3218 1704 3330 Agustina
