2690 3794
348 294 605 378 Divendres
628 330 665 375 a
677 321 737 380 15
744 309 899 383 rebere
912 316 972 386 de
983 302 1137 382 Benet
1156 302 1279 416 Puig
1293 332 1417 418 pages
1428 321 1483 383 de
1490 306 1560 390 St
1526 310 1682 404 feliu
1682 315 1747 383 de
1763 304 1981 407 llobregat

370 408 476 492 fill
490 410 543 469 de
605 406 675 476 t
756 392 880 499 Puig
892 423 1035 505 pages
1043 413 1129 476 del
1134 392 1297 505 Papiol
1278 444 1336 505 y
1346 419 1395 482 de
1405 401 1580 499 Antiga
1591 413 1784 494 defuncts
1795 413 1860 474 ab
1861 408 2000 476 Victo=

393 515 469 567 ria
481 500 665 584 donsella
667 502 785 579 filla
804 502 853 565 de
925 505 961 576 t
1060 489 1198 588 Esteve
1206 524 1327 597 pages
1337 515 1391 572 de
1400 493 1476 570 St
1460 498 1650 563 Andreu
1656 502 1718 563 de
1726 498 1790 561 la
1800 481 2020 561 Barca

372 627 430 688 y
444 607 499 666 de
541 593 585 664 t
656 585 856 678 defuncts

381 683 567 789 dissapte
593 708 626 744 a
643 688 711 749 16
713 674 858 747 rebere
872 690 930 747 de
944 658 1071 736 Pere
1090 674 1246 733 Serrat
1252 685 1397 765 pages
1400 659 1603 727 habitant
1615 685 1674 726 en
1680 650 1829 744 Bara
1807 665 1919 749 fill
1927 666 1993 724 de

400 775 692 865 Montserrat
706 766 877 832 Serrat
887 775 1026 870 pages
1042 762 1096 828 de
1103 755 1312 823 Torrella
1329 744 1474 852 bisbat
1490 748 1548 818 de
1560 750 1733 847 Girona
1719 781 1790 843 y
1785 753 1843 816 de
1826 744 2015 845 Juana

391 858 591 941 defuncts
603 860 678 921 ab
684 844 836 922 Anna
857 857 1030 924 Maria
1043 857 1224 952 dosella
1219 846 1355 939 filla
1376 855 1430 915 de
1446 846 1620 944 Gabriel
1640 847 1899 950 Monparler
1901 866 2031 943 nego=

387 954 526 1015 ciant
536 954 593 1009 de
614 945 821 1013 Cambrils
841 943 1122 1035 Archebisbat
1138 947 1198 1011 de
1213 938 1493 1049 Tarragona
1492 965 1545 1040 y
1549 940 1611 1002 de
1625 925 1904 1017 Hieronyma

380 1034 467 1118 dit
483 1044 563 1113 dia
571 1034 731 1111 rebere
739 1052 798 1113 de
808 1025 927 1111 Pau
946 1021 1113 1109 Arbos
1121 1035 1412 1130 assahonador
1418 1037 1474 1102 de
1481 1017 1648 1118 Bara
1628 1032 1729 1114 fill
1735 1035 1790 1092 de
1782 1023 1974 1123 Juan

389 1124 559 1203 Arbos
581 1131 786 1206 barrater
793 1138 853 1203 de
861 1144 1030 1230 agulla
1047 1138 1104 1198 de
1106 1115 1279 1215 Bara
1248 1151 1314 1224 y
1317 1133 1375 1199 de
1390 1120 1700 1221 Mariangela
1724 1117 1803 1183 ab
1809 1097 2031 1199 Elisabeth

387 1233 589 1324 donsella
592 1231 729 1322 filla
747 1240 803 1302 de
793 1216 1059 1324 francesch
1068 1218 1286 1297 Torrent
1300 1222 1519 1295 candaler
1538 1223 1592 1286 de
1602 1240 1687 1286 ceu
1697 1223 1758 1279 de
1763 1193 1934 1297 Bara
1913 1233 1980 1298 y

391 1330 449 1402 de
462 1330 764 1429 Margarida
780 1327 1008 1420 defuncta

374 1424 473 1485 #
468 1412 646 1489 Dimars
655 1446 694 1485 a
710 1440 760 1503 19
771 1410 915 1483 rebere
926 1424 982 1479 de
968 1399 1080 1503 Jua
1094 1382 1249 1498 Aluja
1259 1420 1408 1467 correu
1420 1395 1473 1456 de
1475 1417 1565 1498 peu
1569 1397 1701 1456 viudo
1710 1375 1912 1449 habitant
1909 1408 1980 1449 en

385 1482 539 1586 Bara
531 1507 596 1572 ab
616 1491 833 1588 Elisabeth
843 1505 987 1568 viuda
1007 1509 1048 1562 de
1034 1493 1144 1593 Jua
1152 1491 1283 1564 Sexa
1293 1497 1439 1583 mestre
1446 1495 1499 1552 de
1503 1495 1624 1583 cases
1638 1486 1688 1546 de
1702 1466 1873 1572 Bara

398 1599 465 1668 dit
472 1612 539 1666 dia
546 1592 670 1669 rebere
689 1609 736 1669 de
730 1603 866 1704 Juan
881 1578 1033 1666 Rocha
1027 1601 1185 1696 sastre
1202 1603 1255 1664 de
1269 1572 1423 1676 Bara
1402 1590 1513 1678 fill
1516 1594 1574 1651 de
1643 1590 1692 1647 t
1763 1567 1963 1647 Rocha

404 1701 550 1796 sastre
568 1705 622 1769 de
634 1690 840 1774 Torrelles
839 1724 902 1789 y
922 1701 978 1761 de
1016 1697 1061 1753 t
1162 1695 1366 1785 defuncts
1383 1688 1454 1754 ab
1459 1683 1665 1753 Ramona
1669 1688 1803 1749 viuda
1817 1684 1869 1745 de
1864 1665 1969 1763 Jua

396 1797 615 1890 Trabatje
642 1795 976 1886 enblanquinador
988 1802 1098 1853 mori
1117 1804 1183 1853 en
1195 1764 1364 1875 Bara

400 1894 469 1953 dit
475 1892 541 1949 dia
557 1876 692 1951 rebere
712 1896 762 1953 de
772 1867 947 1948 Arnau
961 1863 1109 1949 Pauta
1101 1887 1255 1973 sastre
1265 1882 1343 1940 del
1352 1856 1513 1975 Regne
1516 1871 1561 1931 de
1555 1867 1731 1964 fransa
1737 1863 1934 1931 habitant
1938 1885 1995 1926 en

404 1961 548 2065 Bara
551 1981 622 2047 ab
640 1958 851 2047 Bernada
863 1983 1011 2047 viuda
1027 1985 1078 2049 de
1075 1974 1226 2074 Juan
1241 1970 1478 2038 Samatan
1486 1959 1654 2033 hortola
1667 1975 1788 2036 mori
1791 1986 1860 2034 en
1868 1930 2022 2056 Bara

404 2071 594 2139 Dimecres
608 2098 641 2136 a
656 2084 729 2139 20
739 2060 879 2138 rebere
889 2075 941 2139 de
948 2077 1100 2170 jaume
1117 2064 1316 2166 Galceran
1328 2088 1511 2165 parayre
1531 2068 1583 2132 de
1601 2064 1880 2170 Sparaguera
1881 2055 1995 2143 fill

400 2176 454 2237 de
473 2158 594 2233 Juan
612 2158 821 2266 Galceran
826 2185 949 2278 pages
968 2167 1024 2233 de
1029 2144 1214 2231 Pierola
1200 2196 1257 2250 #
1261 2173 1316 2230 #
1307 2171 1366 2251 #
1372 2168 1550 2249 defunct
1532 2182 1589 2249 y
1597 2160 1656 2232 de
1644 2167 1821 2256 Juana
1834 2150 1911 2229 ab
1905 2159 2010 2226 Ma=

396 2265 558 2322 rianna
573 2256 748 2353 donsella
747 2252 879 2340 filla
898 2260 956 2322 de
979 2230 1083 2320 Pere
1097 2234 1316 2346 Bonastra
1326 2272 1506 2360 parayre
1523 2249 1580 2315 de
1595 2250 1880 2360 Sparaguera
1863 2277 1934 2342 y
1940 2243 2000 2316 de

378 2357 545 2452 Juana
573 2352 781 2439 defuncts

404 2447 462 2508 dit
466 2447 536 2505 dia
547 2442 687 2508 rebere
704 2444 757 2508 de
780 2435 964 2533 Marsal
986 2430 1190 2503 Minvart
1197 2455 1371 2530 parayre
1396 2430 1441 2494 de
1453 2411 1528 2494 St
1527 2424 1654 2488 Celoni
1653 2415 1766 2505 fill
1770 2430 1821 2486 de
1837 2415 2022 2484 Nicolau

402 2530 620 2597 Minvart
625 2556 679 2622 y
693 2532 748 2599 de
761 2525 998 2597 Catherina
1018 2523 1091 2595 ab
1106 2518 1275 2591 Maria
1291 2529 1474 2618 donsella
1472 2525 1596 2609 filla
1614 2525 1665 2586 de
1671 2491 1869 2582 Bernat
1870 2498 2030 2580 Alba=

402 2626 493 2689 nell
496 2646 681 2732 parayre
702 2626 759 2684 de
776 2621 871 2684 dita
876 2615 998 2684 vila
992 2648 1048 2709 y
1062 2625 1120 2685 de
1141 2614 1408 2709 Maryanna

394 2719 469 2785 dit
473 2724 541 2779 dia
551 2711 692 2781 rebere
704 2724 762 2774 de
778 2690 1039 2779 Barthomeu
1051 2702 1237 2807 Artigues
1248 2722 1379 2805 pages
1381 2710 1430 2770 de
1451 2700 1652 2765 Mallorca
1665 2691 1869 2761 habitant
1881 2717 1962 2763 en

394 2791 550 2908 Bara
542 2798 650 2890 fill
656 2809 711 2868 de
730 2793 891 2906 Gaspar
903 2787 1118 2900 Artigues
1117 2799 1269 2872 hortola
1291 2800 1343 2868 de
1368 2787 1569 2861 Mallorca
1573 2818 1629 2893 y
1625 2798 1676 2854 de
1693 2784 1967 2882 Magdalena

402 2907 611 2993 defuncts
632 2905 700 2969 ab
708 2901 930 2969 Catherina
939 2905 1128 2996 donsella
1130 2901 1251 2991 filla
1265 2899 1323 2966 de
1331 2878 1493 3007 Guille
1501 2898 1618 2985 Cases
1610 2898 1821 2984 serrador
1833 2894 1884 2951 de
1894 2883 2002 2947 Sol=

383 3006 506 3101 sona
536 3002 713 3092 defunct
704 3023 770 3094 y
784 3008 845 3067 de
870 2968 1115 3063 Bernada

396 3093 463 3155 dit
470 3097 536 3152 dia
544 3082 687 3159 rebere
688 3093 735 3154 de
748 3086 895 3157 Nadal
916 3076 1039 3164 Elies
1049 3086 1207 3152 texidor
1221 3091 1270 3152 de
1283 3076 1342 3141 lli
1357 3078 1428 3141 del
1433 3098 1557 3175 regne
1575 3075 1624 3130 de
1628 3068 1792 3161 fransa
1804 3071 2002 3137 habitant

402 3205 458 3247 en
473 3161 620 3264 Bara
627 3176 700 3246 ab
699 3180 901 3277 francisca
914 3178 1056 3246 viuda
1075 3183 1129 3249 de
1154 3171 1340 3280 Miquel
1352 3171 1552 3273 Serinya
1579 3154 1753 3217 texidor
1763 3156 1814 3213 de
1831 3149 1886 3209 lli
1888 3151 2002 3211 mori

398 3293 460 3338 en
475 3241 637 3354 Bara
