2690 3794
325 236 574 405 Dissapte
587 327 624 363 a
633 315 723 368 20
729 297 880 372 rebere
900 311 959 375 de
946 306 1096 410 Joan
1108 304 1381 405 Sengermes
1370 334 1593 433 parayre
1606 318 1689 391 del
1678 341 1817 422 regne
1825 320 1884 386 de
1871 304 2060 414 fraça

387 397 607 476 habitant
618 413 685 464 en
688 388 916 492 Terrassa
949 385 1036 459 ab
1040 393 1267 468 Cebriana
1274 404 1436 473 viuda
1452 421 1506 480 de
1517 390 1715 482 Ramon
1731 404 1975 506 Tamuyell
1962 439 2036 515 pa=

361 512 465 600 ges
476 479 699 560 habitant
712 512 783 562 en
795 482 1057 589 Terrassa

368 587 451 653 Dit
452 594 535 658 dia
546 582 706 660 rebere
717 591 776 658 de
782 568 901 656 Pere
891 591 1022 691 Joan
1035 568 1243 656 Henrich
1242 599 1455 691 parayre
1466 580 1523 646 de
1527 547 1691 667 Bara
1669 573 1780 672 fill
1779 573 1846 651 de
1842 575 2005 646 Salva=

375 676 470 747 dor
489 666 697 745 Henrich
703 697 839 787 pages
845 683 901 749 de
908 652 1079 761 Bara
1083 669 1272 777 defunct
1266 697 1335 768 y
1339 680 1397 745 de
1411 659 1629 775 Elisabeth
1645 666 1720 737 ab
1702 657 1906 768 Angela
1914 666 2007 735 don=

363 776 506 866 sella
515 769 636 855 filla
640 769 704 840 de
703 760 947 864 francesch
953 774 1149 883 Capella
1146 774 1296 875 fuster
1305 767 1366 843 de
1370 758 1455 845 St
1454 750 1566 866 Boy
1580 769 1720 871 defuct
1707 802 1768 869 y
1775 774 1833 845 de
1840 750 2065 889 Angela

354 868 463 941 Dit
469 872 564 936 dia
580 874 733 941 rebere
741 879 805 943 de
803 851 1010 954 Pheliu
1018 868 1210 992 Garriga
1211 877 1481 976 sombrarer
1490 884 1547 951 de
1575 874 1809 983 Manresa
1832 877 2012 988 bisbat

383 975 453 1046 de
452 954 576 1035 Vich
592 959 805 1037 habitant
816 989 882 1042 en
881 952 1041 1065 Bara
1023 970 1154 1072 fill
1168 987 1224 1049 de
1227 957 1433 1064 Pheliu
1452 978 1650 1086 Garriga
1641 984 1906 1078 sombrarer
1883 1006 1949 1070 y
1948 987 2014 1039 de

400 1055 616 1147 Eularia
633 1073 882 1175 defuncta
903 1066 998 1144 ab
1009 1051 1183 1152 Paula
1194 1077 1415 1190 donsella
1421 1078 1576 1175 filla
1594 1083 1660 1154 de
1683 1070 1882 1196 Miquel
1895 1053 2028 1158 Bris

398 1179 709 1287 pedranyaler
715 1174 776 1245 de
798 1167 926 1251 Corro
946 1160 1166 1252 habitant
1170 1200 1236 1254 en
1255 1176 1513 1298 Granollers
1493 1221 1566 1294 y
1572 1204 1634 1266 de
1641 1186 1918 1298 Magdalena
1919 1165 2069 1282 defucta

376 1573 471 1655 dit
476 1586 552 1653 dia
562 1580 702 1660 rebere
722 1592 785 1660 de
793 1580 969 1662 Antoni
985 1584 1178 1666 Olivella
1188 1609 1390 1709 parayre
1410 1594 1469 1670 de
1479 1582 1559 1668 St
1564 1586 1736 1676 Menat
1752 1582 1999 1672 habitant

395 1702 462 1753 en
465 1646 629 1772 Bara
609 1681 721 1778 fill
728 1686 785 1755 de
786 1669 967 1759 Antoni
987 1679 1193 1765 Olivella
1209 1708 1398 1798 parayre
1425 1690 1484 1763 de
1485 1681 1570 1765 St
1575 1692 1734 1765 Menat
1752 1690 1929 1795 defunct
1932 1717 2001 1788 y

401 1790 454 1853 de
460 1778 631 1885 Gratia
658 1785 734 1861 ab
735 1773 920 1853 Eularia
929 1791 1106 1890 donsella
1109 1791 1245 1886 filla
1269 1796 1326 1859 de
1338 1766 1448 1859 Pere
1464 1779 1582 1857 Comi
1586 1814 1783 1901 parayre
1789 1794 1852 1861 de
1859 1775 2003 1861 Sta

404 1876 584 1948 Coloma
592 1876 648 1948 de
669 1874 856 1969 Queralt
863 1876 1016 1988 bisbat
1023 1885 1089 1952 de
1094 1868 1200 1959 Vich
1167 1912 1242 1984 y
1261 1889 1319 1960 de
1323 1862 1493 1988 Rosa

374 1976 477 2056 Dit
491 1980 565 2048 dia
577 1972 732 2052 rebere
735 1987 794 2050 de
805 1959 999 2050 Bernat
1009 1959 1168 2089 Reptor
1149 1985 1392 2085 scudaller
1404 1987 1461 2054 de
1460 1955 1619 2083 Bara
1594 1978 1721 2089 fill
1725 1983 1785 2050 de
1776 1951 2003 2085 franch

391 2055 567 2177 Reptor
577 2093 719 2179 pages
701 2099 757 2164 y
771 2074 830 2141 de
850 2057 1057 2164 Elisabeth
1077 2076 1294 2181 defuncts
1305 2080 1382 2149 ab
1382 2068 1567 2148 Maria
1564 2082 1805 2185 francisca
1802 2078 1961 2173 filla

401 2184 454 2247 de
446 2178 586 2274 Joan
611 2159 794 2280 Garriga
778 2165 1018 2268 Scudaller
1030 2173 1097 2237 de
1113 2142 1287 2259 Bara
1278 2203 1337 2264 y
1346 2182 1414 2247 de
1430 2159 1666 2284 Elisabeth

365 2255 595 2388 Diumege
609 2306 648 2345 a
658 2286 740 2347 21
758 2263 922 2345 rebere
932 2271 990 2349 de
998 2275 1174 2386 jaume
1194 2263 1364 2351 Mates
1370 2285 1580 2378 parayre
1594 2277 1666 2351 de
1669 2252 1837 2372 Bara
1812 2267 1929 2372 fill
1934 2273 1995 2343 de

395 2383 552 2480 jaume
581 2369 740 2445 Mates
754 2392 907 2482 pages
919 2377 975 2440 de
991 2365 1182 2473 Gerona
1175 2398 1242 2459 y
1250 2367 1313 2440 de
1348 2362 1644 2469 Hieronyma
1665 2367 1882 2463 defuncts
1904 2356 1999 2436 ab

408 2458 697 2569 Hieronyma
699 2477 875 2552 viuda
882 2471 950 2544 de
944 2475 1127 2579 Jaume
1149 2441 1354 2546 Burell
1349 2487 1548 2581 parayre
1560 2487 1625 2555 de
1624 2454 1809 2573 Bara

386 2568 603 2656 Dilluns
604 2597 646 2642 a
647 2591 740 2648 22
748 2570 911 2648 rebere
917 2585 978 2648 de
1000 2551 1206 2685 Raphel
1214 2564 1428 2675 Alzina
1442 2599 1582 2696 pages
1601 2591 1668 2656 de
1662 2572 1749 2660 St
1752 2566 1914 2656 Marti
1923 2585 1991 2652 de

404 2661 605 2775 Arenys
613 2670 772 2775 bisbat
786 2672 845 2741 de
865 2668 1048 2781 Gerona
1051 2664 1166 2775 fill
1181 2682 1236 2745 de
1250 2674 1488 2754 Salvador
1498 2666 1721 2785 Alzina
1731 2703 1882 2797 pages
1896 2647 2046 2777 defuct

374 2815 445 2887 y
457 2784 516 2854 de
542 2769 719 2889 Genisa
748 2774 821 2845 ab
842 2767 1110 2887 Margarida
1133 2771 1339 2887 donsella
1333 2780 1469 2878 filla
1494 2784 1557 2860 de
1581 2784 1798 2862 Salvador
1806 2780 1991 2887 Strany

397 2900 539 2995 pages
557 2888 614 2949 de
615 2869 823 2986 Vilassar
812 2906 879 2970 y
893 2888 947 2949 de
968 2863 1157 2949 Eleonor
1160 2873 1405 2976 defuncta

376 2977 479 3061 Dit
489 2975 584 3053 dia
589 2983 789 3053 reberem
803 2990 875 3053 de
885 2956 1014 3057 Pere
1034 2981 1170 3061 Sala
1184 3004 1364 3090 manya
1385 2985 1478 3061 del
1483 3008 1644 3101 regne
1667 2990 1723 3053 de
1716 2969 1911 3078 frança
1926 2973 2012 3055 ha=

408 3068 565 3148 bitant
577 3106 655 3154 en
664 3048 988 3154 Barcelona
1028 3081 1116 3165 ab
1139 3073 1465 3196 Margarida
1479 3089 1651 3157 viuda
1678 3081 1743 3153 de
1761 3068 1986 3163 Antoni

416 3174 625 3300 Castells
568 3204 834 3360 manya
855 3185 980 3250 mori
991 3204 1059 3258 en
1075 3158 1262 3283 Bara
