2690 3794
370 294 543 416 Dijous
542 347 578 380 a
592 334 660 395 13
690 319 838 394 rebere
851 336 896 392 de
910 323 1076 394 Antoni
1096 321 1199 390 Mir
1204 344 1329 428 pages
1342 340 1395 392 de
1407 311 1489 392 St
1465 325 1609 418 feliu
1626 327 1677 386 de
1697 313 1876 382 Cabrera
1879 308 1974 405 fill

397 423 449 479 de
450 406 557 496 Jua
575 408 672 471 Mir
677 404 814 509 pages
818 415 875 477 de
889 408 990 477 dita
1002 408 1239 518 parrochia
1242 446 1299 503 y
1307 419 1358 477 de
1384 412 1640 516 Magdalena
1649 412 1857 499 defuncta
1885 413 1968 477 ab

397 506 651 575 Marianna
669 502 858 598 donsella
857 491 990 586 filla
1008 504 1069 568 de
1125 512 1205 566 t
1292 487 1466 596 Alsina
1470 515 1608 611 pages
1626 512 1677 564 de
1691 487 1886 588 Polinya
1879 531 1947 590 y

398 612 453 672 de
465 606 530 662 t

397 674 466 738 dit
471 680 539 741 dia
558 665 699 741 rebere
723 678 764 736 de
763 655 890 760 Jua
893 650 1028 757 Pujol
1029 682 1153 762 pages
1171 673 1230 730 de
1219 665 1410 762 Vilassar
1421 661 1546 730 viudo
1562 659 1640 724 ab
1641 661 1778 730 Clara
1785 667 1980 755 donsella

389 763 511 849 filla
529 775 587 826 de
615 735 710 826 Pau
732 742 852 832 Polls
862 773 996 861 pages
1022 767 1072 828 de
1089 758 1195 826 dita
1208 750 1431 861 parrochia
1449 780 1492 859 y
1505 754 1558 811 de
1586 729 1757 813 Elienor
1770 746 1978 838 defuncta

379 846 597 915 Divendres
617 879 651 915 a
648 871 746 923 14
742 848 883 925 rebere
901 871 948 919 de
968 856 1235 944 Montserrat
1255 835 1345 915 Pou
1361 867 1548 951 parayre
1562 852 1619 915 de
1635 839 1851 947 Terrassa
1856 852 1997 910 viudo

389 935 463 1008 ab
477 939 739 1034 Margarida
753 941 950 1027 donsella
956 935 1105 1032 filla
1119 948 1180 1006 de
1181 941 1335 1034 Juan
1359 929 1471 1004 Coch
1474 959 1683 1037 parayre
1697 938 1747 998 de
1761 930 1855 995 dita
1867 924 1989 993 vila

392 1037 573 1125 defunct
565 1067 622 1127 y
638 1042 691 1107 de
710 1033 998 1135 Magdalena

383 1130 467 1202 dit
475 1132 554 1202 dia
559 1132 719 1202 rebere
739 1141 791 1213 de
796 1124 1043 1234 francesch
1056 1095 1239 1230 Piquer
1257 1140 1394 1230 pages
1401 1124 1459 1185 de
1471 1108 1781 1210 Molinderey
1774 1108 1895 1212 fill
1901 1108 1963 1178 de

390 1207 507 1298 Pere
529 1209 700 1331 Piquer
709 1244 846 1344 pages
843 1261 901 1325 y
921 1233 979 1296 de
995 1197 1176 1292 Elienor
1183 1220 1396 1307 defuncts
1420 1207 1499 1279 ab
1499 1203 1800 1301 Hieronyma
1812 1188 2018 1292 donsella

365 1319 511 1430 filla
521 1336 579 1402 de
633 1341 729 1399 t
804 1328 981 1419 Major
982 1343 1123 1438 pages
1149 1326 1212 1395 de
1215 1297 1337 1387 Sta
1310 1298 1421 1413 Creu
1420 1343 1489 1411 y
1499 1330 1563 1391 de
1549 1308 1834 1408 Hieronyma
1858 1272 2018 1404 defucts

390 1418 569 1527 dissapte
583 1451 622 1498 a
621 1442 715 1496 15
722 1414 886 1490 rebere
906 1440 964 1503 de
978 1412 1168 1529 domingo
1183 1420 1377 1531 Castany
1384 1416 1588 1490 moliner
1604 1381 1796 1482 habitat
1810 1426 1877 1474 en
1885 1393 1972 1481 St

401 1508 566 1621 Esteva
591 1532 645 1589 de
657 1519 846 1589 Cervello
860 1515 990 1587 viudo
1003 1515 1079 1580 ab
1101 1517 1375 1619 Margarida
1389 1513 1593 1615 donsella
1592 1502 1732 1608 filla
1746 1508 1811 1567 de
1837 1506 1921 1567 t

405 1626 509 1688 Coll
525 1622 594 1684 del
603 1616 791 1724 palmer
786 1631 924 1720 pages
942 1618 998 1680 de
1008 1592 1208 1718 Pallejar
1194 1644 1258 1707 y
1291 1622 1345 1688 de
1452 1612 1508 1680 t
1640 1596 1917 1703 defuncts

396 1711 473 1781 dit
479 1721 560 1783 dia
580 1706 757 1783 donare
760 1717 958 1783 llicentia
972 1734 1053 1819 per
1035 1715 1221 1813 sposar
1232 1741 1273 1780 a
1279 1709 1519 1783 Salvador
1537 1704 1764 1798 Cabanyes
1774 1678 1974 1815 pages

407 1799 621 1884 habitant
631 1837 696 1886 en
716 1782 880 1903 Bara
872 1816 1024 1884 viudo
1041 1814 1116 1882 ab
1116 1790 1305 1875 Paula
1319 1807 1514 1907 donsella
1509 1797 1654 1907 filla
1670 1807 1732 1873 de
1738 1803 1916 1903 juan

405 1909 571 2011 Mestre
591 1930 729 2023 pages
748 1919 810 1981 de
820 1898 916 1983 St
912 1906 1055 1985 Madi
1077 1923 1212 1983 terme
1236 1909 1300 1978 de
1315 1895 1398 1974 St
1395 1902 1533 1998 Cugat
1554 1906 1616 1965 de
1607 1891 1792 1981 Vallers
1793 1904 1980 1963 vivent

400 2042 452 2122 y
449 2027 505 2090 de
536 1999 755 2084 Antonia

386 2461 458 2522 dit
464 2463 532 2522 dia
546 2457 695 2524 rebere
712 2472 759 2527 de
771 2450 945 2529 Arnau
968 2448 1188 2524 Cardalech
1200 2446 1394 2514 baxador
1406 2438 1612 2514 habitant
1619 2461 1688 2510 en
1702 2438 1866 2516 Caldes
1873 2450 1942 2512 de

388 2543 590 2641 Monbuy
591 2551 795 2654 frances
819 2549 888 2611 ab
894 2526 1095 2613 Beneta
1109 2549 1311 2647 donsella
1314 2535 1451 2639 filla
1467 2547 1527 2608 de
1535 2517 1810 2606 Barthomeu
1814 2534 1997 2611 olivelles

386 2659 571 2748 parayre
601 2655 647 2711 de
667 2644 765 2711 dita
771 2638 882 2703 vila
870 2666 941 2731 y
961 2640 1013 2703 de
1041 2633 1301 2740 Margarida
1319 2635 1519 2716 defuncts

384 2727 446 2788 dit
461 2729 519 2788 dia
525 2717 662 2784 rebere
667 2734 709 2782 de
733 2711 878 2795 Miquel
894 2711 1025 2803 Mestre
1036 2723 1205 2782 velluter
1210 2717 1398 2786 habitant
1400 2734 1460 2776 en
1459 2694 1602 2793 Bara
1593 2702 1694 2788 fill
1703 2707 1759 2774 de
1742 2699 1845 2782 Jua
1844 2703 1992 2791 Mestre

382 2817 542 2892 parayre
559 2812 607 2861 de
616 2790 687 2857 Sta
693 2802 836 2859 Coloma
847 2806 907 2853 de
912 2798 1078 2878 Queralt
1087 2792 1223 2886 bisbat
1238 2806 1294 2857 de
1289 2794 1405 2859 Vich
1383 2819 1441 2871 y
1448 2806 1504 2853 de
1514 2793 1666 2854 Coloma
1679 2790 1859 2871 defuncts
1874 2785 1953 2848 ab

384 2875 526 2950 Anna
549 2877 701 2946 Maria
710 2875 886 2964 donsella
880 2875 999 2966 filla
1014 2877 1074 2940 de
1073 2873 1176 2962 Jua
1189 2875 1362 2962 Miquel
1365 2880 1498 2938 Sivil
1497 2877 1672 2942 barrater
1671 2881 1725 2933 de
1730 2864 1835 2954 bara
1828 2901 1867 2958 y
1874 2881 1933 2933 de

390 2957 632 3027 Mathiana

388 3049 460 3107 dit
465 3040 538 3103 dia
547 3026 695 3101 rebere
710 3040 750 3095 de
765 3019 931 3126 Agusti
942 3019 1088 3091 Villaro
1102 3040 1278 3120 parayre
1297 3007 1496 3087 habitant
1505 3038 1566 3080 en
1579 2995 1712 3101 Bara
1711 3016 1853 3084 viudo
1862 3016 1945 3084 ab

392 3121 664 3211 Hieronyma
677 3125 823 3184 viuda
843 3125 901 3184 de
910 3106 1103 3188 Saldoni
1110 3111 1258 3184 Sans
1271 3111 1458 3184 sabater
1462 3121 1588 3176 mori
1601 3127 1660 3170 en
1669 3086 1833 3200 Bara

380 3191 578 3302 Diumege
596 3235 632 3273 a
657 3208 711 3275 16
718 3194 868 3273 rebere
877 3216 927 3271 de
922 3204 1033 3292 Jua
1039 3202 1172 3267 Claus
1167 3204 1374 3288 frances
1361 3208 1535 3298 spaser
1544 3189 1713 3271 habitat
1717 3226 1772 3271 en
1787 3199 1896 3285 bara
1889 3202 1965 3267 ab

394 3284 605 3379 Elisabeth
612 3291 780 3376 donsella
780 3274 903 3376 filla
910 3295 956 3346 de
965 3285 1133 3370 Miquel
1140 3280 1258 3350 Vich
1255 3303 1388 3387 pages
1399 3291 1445 3348 de
1456 3280 1506 3345 la
1522 3276 1716 3350 Llacuna
1699 3312 1757 3366 y
1768 3291 1814 3352 de
1832 3280 1959 3381 Mag=

388 3378 550 3443 dalena
567 3375 764 3459 defuncts
