2690 3794
344 238 552 377 Dilluns
562 319 605 361 a
612 306 685 359 22
702 290 838 360 rebere
859 292 924 350 del
921 279 991 354 sr
990 290 1083 381 msr
1106 268 1219 358 Pere
1220 290 1397 385 Segura
1407 290 1459 354 de
1465 277 1642 377 Tortosa
1662 273 1872 350 habitant
1881 290 1988 345 en

382 378 538 476 Bara
545 380 647 474 fill
655 391 716 448 de
718 366 840 451 Pere
848 368 1029 471 Segura
1035 384 1186 444 notari
1190 382 1251 436 de
1254 365 1433 469 Tortosa
1441 368 1625 471 defunct
1617 401 1670 459 y
1666 372 1732 436 de
1731 359 2009 457 Hieronyma

388 481 454 554 ab
468 479 634 547 Maria
650 475 843 568 donsella
833 466 963 560 filla
977 462 1034 532 de
1056 454 1208 537 Carles
1205 464 1395 554 frexes
1404 462 1625 526 mercader
1639 456 1695 524 de
1694 435 1852 558 Bara
1860 449 1998 551 defuct

365 603 432 665 y
431 580 490 648 de
500 574 752 665 Marquesa

369 664 460 747 Dit
468 664 546 732 dia
560 645 716 726 rebere
732 647 785 713 de
779 643 957 741 Jaume
968 620 1100 696 Tort
1106 637 1259 734 pages
1269 628 1322 690 de
1336 613 1519 686 Molins
1527 618 1680 711 dereig
1666 603 1775 703 fill
1774 616 1831 671 de
1836 616 2003 711 jaume

380 756 512 833 Tort
519 761 677 861 pages
666 771 727 835 y
743 737 806 797 de
820 727 1051 835 Stephania
1074 718 1283 810 defuncta
1301 704 1382 779 ab
1392 706 1614 781 Catherina
1611 706 1809 804 donsella
1806 698 1962 797 filla

390 853 454 934 de
459 843 645 924 March
672 836 772 905 Coll
771 849 909 932 pages
891 851 965 919 y
973 838 1025 896 de
1020 819 1259 926 Catherina
1273 830 1369 890 tots
1394 809 1446 884 de
1460 803 1562 886 dita
1574 796 1839 928 parrochia

388 946 465 1018 Dit
472 939 552 1008 dia
567 927 727 1006 rebere
736 943 798 1010 de
805 925 1017 1029 Hyacinto
1031 916 1277 1022 Mascurt
1280 929 1506 1027 parayre
1518 916 1577 982 de
1591 875 1733 974 Piera
1739 899 1970 966 habitant

386 1063 454 1117 en
466 1013 634 1142 Bara
625 1028 731 1121 fill
743 1030 806 1096 de
822 1028 1040 1134 Guillem
1046 1013 1287 1121 Mascurt
1293 1011 1477 1081 texidor
1486 1007 1545 1075 de
1561 996 1698 1067 llana
1673 1021 1751 1090 y
1750 998 1811 1058 de
1815 973 1975 1058 Hiero=

388 1164 546 1241 nyma
560 1122 772 1231 defuncta
799 1127 870 1193 ab
872 1112 1098 1224 Elisabeth
1106 1118 1307 1207 donsella
1312 1108 1436 1201 filla
1448 1105 1513 1174 de
1516 1070 1708 1199 Phelip
1716 1061 1947 1201 Domingo

408 1228 578 1304 texidor
586 1234 639 1300 de
644 1223 778 1292 llana
792 1211 976 1317 defunct
962 1234 1027 1306 y
1035 1213 1109 1281 de
1108 1204 1337 1306 francina
1357 1194 1464 1268 tots
1469 1192 1530 1256 de
1531 1186 1646 1258 dita
1656 1179 1797 1256 vila

380 1328 467 1405 Dit
476 1331 551 1399 dia
561 1319 711 1390 rebere
710 1324 771 1390 de
763 1319 922 1419 jaume
954 1302 1134 1377 Romeu
1137 1313 1278 1408 pages
1289 1310 1347 1363 de
1348 1279 1514 1365 Ribes
1509 1290 1608 1388 fill
1607 1295 1666 1359 de
1676 1268 1865 1390 Miquel
1885 1259 1971 1345 Ro

396 1439 496 1487 meu
497 1429 629 1518 pages
621 1443 693 1507 y
690 1420 753 1480 de
766 1403 1021 1511 Eufrahina
1061 1400 1134 1464 ab
1155 1389 1436 1498 Magdalena
1449 1380 1652 1489 donsella
1653 1376 1783 1489 filla
1795 1380 1856 1437 de
1853 1337 1980 1444 Pere

392 1503 558 1605 Mestre
559 1521 702 1621 pages
697 1533 755 1594 y
763 1508 826 1570 de
844 1490 1035 1576 Violant
1050 1488 1278 1592 defuncts
1265 1492 1377 1567 tots
1385 1486 1443 1556 de
1456 1477 1567 1551 dita
1580 1466 1844 1592 parrochia

387 1596 565 1668 Dimars
568 1616 611 1655 a
628 1596 700 1664 23
713 1589 863 1664 rebere
869 1596 925 1659 de
938 1580 1099 1655 Antoni
1103 1573 1315 1671 Aguilar
1314 1571 1450 1677 sastre
1463 1589 1521 1648 de
1525 1550 1686 1655 Bara
1674 1560 1798 1635 viudo
1811 1555 1886 1621 ab
1896 1542 1968 1624 Eu=

387 1685 521 1758 laria
529 1679 668 1751 viuda
681 1683 734 1745 de
720 1674 840 1767 Joan
846 1652 994 1740 Boxo
1002 1679 1193 1734 carrater
1206 1672 1262 1738 de
1261 1647 1420 1745 Bara

371 1791 471 1861 Dit
474 1786 553 1855 dia
566 1786 716 1857 rebere
724 1791 780 1857 de
781 1762 899 1850 Pere
892 1773 1017 1879 Jua
1032 1768 1202 1844 Canals
1220 1773 1404 1866 traginer
1410 1748 1489 1828 del
1483 1775 1615 1871 regne
1623 1757 1679 1814 de
1669 1748 1870 1857 frança
1885 1739 1964 1821 ha=

387 1878 544 1956 bitant
548 1894 620 1940 en
619 1881 906 1989 Sparaguera
919 1867 1005 1940 ab
1016 1865 1285 1971 Maryanna
1289 1856 1450 1926 viuda
1456 1865 1526 1931 de
1525 1827 1764 1924 Bertran
1775 1820 2023 1978 Corretger

387 1995 537 2088 pages
548 1984 613 2043 de
619 1981 904 2086 Sparaguera

383 2067 526 2165 Dijous
532 2092 567 2135 a
575 2076 668 2133 25
669 2067 810 2129 rebere
816 2078 870 2129 de
889 2058 1062 2133 Valenti
1068 2035 1248 2160 Pujola
1259 2062 1411 2160 porter
1421 2054 1532 2117 real
1543 2051 1604 2113 de
1598 2022 1746 2131 Bara
1738 2040 1867 2108 viudo
1876 2031 1957 2104 ab

389 2150 629 2225 Catherina
646 2157 845 2254 donsella
839 2157 978 2248 filla
986 2164 1049 2223 de
1055 2145 1234 2243 Llatser
1254 2150 1432 2243 Castany
1444 2150 1649 2245 argenter
1655 2143 1711 2203 de
1704 2121 1863 2232 Arago
1876 2123 1943 2196 #

369 2282 427 2349 y
437 2258 496 2326 de
506 2240 679 2319 Eularia
692 2255 902 2346 defuncts

366 2350 457 2432 Dit
463 2354 551 2423 dia
564 2354 709 2425 rebere
720 2359 782 2423 de
775 2332 899 2420 Pau
901 2348 1078 2452 ferrer
1084 2359 1232 2452 pages
1243 2339 1299 2405 de
1304 2316 1390 2407 St
1378 2318 1576 2407 Andreu
1589 2341 1638 2400 de
1642 2312 1849 2400 Palomar
1859 2309 1964 2393 habi=

385 2464 487 2517 tant
495 2473 560 2519 en
561 2433 709 2530 Bara
710 2453 842 2519 viudo
848 2455 920 2519 ab
919 2433 1072 2519 Paula
1077 2442 1280 2546 donsella
1277 2428 1413 2528 filla
1431 2435 1484 2501 de
1472 2433 1622 2530 Juan
1632 2422 1808 2501 Albert
1811 2444 1955 2528 pages

389 2554 441 2609 de
442 2545 611 2636 frança
621 2536 815 2607 habitant
830 2554 890 2607 en
903 2516 1056 2623 Bara
1032 2568 1083 2627 y
1091 2538 1147 2602 de
1155 2529 1322 2600 Elienor

366 2635 597 2717 Divendres
607 2662 650 2703 a
660 2630 757 2706 26
766 2633 927 2706 rebere
942 2639 1003 2701 de
1016 2615 1223 2728 Hyacinto
1233 2617 1406 2714 Mestre
1410 2626 1620 2714 parayre
1628 2610 1691 2679 de
1705 2598 1953 2703 Terrassa

376 2727 475 2818 fill
488 2743 546 2809 de
566 2727 757 2831 Miquel
770 2727 945 2831 Mestre
956 2749 1154 2838 parayre
1139 2747 1198 2818 y
1206 2732 1264 2793 de
1284 2709 1576 2820 Margarida
1591 2713 1666 2780 ab
1667 2698 1980 2809 Magdalena

366 2828 576 2921 donsella
582 2832 718 2921 filla
722 2835 789 2898 de
807 2812 1000 2928 Miquel
1016 2801 1163 2890 Roca
1181 2814 1351 2885 texidor
1355 2821 1409 2881 de
1426 2808 1493 2878 lli
1477 2835 1539 2901 y
1545 2819 1599 2883 de
1612 2817 1805 2921 Sperasa
1809 2801 1977 2881 tots

373 2924 432 2986 de
437 2916 546 2986 dita
543 2916 666 2986 vila
