2690 3794
394 344 577 454 dissapte
600 368 652 415 a
648 347 743 415 26
742 341 897 413 rebere
896 355 957 420 de
955 360 1134 457 Jaume
1152 352 1339 423 #
1225 334 1340 382 Oller
1348 363 1485 462 pages
1500 362 1554 421 de
1565 351 1637 424 St
1633 347 1807 432 Andreu
1809 366 1869 429 de
1879 341 1978 428 Pa=

419 444 561 504 lomar
574 438 693 505 viudo
728 437 794 504 ab
802 419 995 507 Eularia
1004 442 1206 535 donsella
1207 447 1344 539 filla
1359 451 1413 507 de
1424 428 1529 507 Pere
1507 418 1593 476 Jua
1544 440 1774 516 Llobateres
1773 442 1931 553 pages

417 533 471 589 de
492 500 688 622 Ripollet
717 520 901 607 defunct
892 546 947 612 y
966 533 1019 593 de
1054 522 1342 619 Maryanna

419 611 487 683 dit
500 613 575 683 dia
592 609 746 678 rebere
765 614 822 683 de
856 599 1044 683 Bernat
1063 606 1261 687 Llorens
1271 611 1473 685 moliner
1489 618 1543 687 de
1544 614 1746 725 fransa
1757 604 1973 685 habitant

412 726 480 779 en
493 705 584 784 St
555 699 729 824 Iscla
744 691 827 774 ab
845 700 996 772 Clara
1017 698 1224 807 donsella
1230 686 1367 800 filla
1385 705 1443 772 de
1473 701 1679 821 Guillem
1689 703 1843 777 Serra
1847 719 1991 824 pages

416 801 469 878 de
493 794 632 917 Gurb
646 789 812 913 bisbat
823 808 879 875 de
883 794 1005 870 Vich
994 830 1064 899 y
1082 799 1141 871 de
1205 797 1261 862 t

410 895 478 962 dit
493 896 566 951 dia
569 882 750 957 reberem
770 893 822 960 de
828 881 1074 985 francesch
1098 881 1258 965 Marti
1258 907 1397 998 pages
1408 904 1469 964 de
1481 870 1561 957 St
1563 879 1709 960 Vicens
1710 904 1808 960 dels
1814 886 1959 960 horts

394 975 501 1068 fill
512 982 563 1044 de
558 976 688 1082 Juan
705 973 847 1054 Marti
855 987 990 1082 pages
976 1003 1041 1072 y
1052 980 1106 1051 de
1133 973 1400 1087 Magdalena
1419 980 1610 1066 defuncts
1630 973 1707 1047 ab
1719 984 1984 1049 Marianna

407 1079 595 1172 donsella
597 1065 732 1166 filla
749 1081 799 1141 de
830 1062 1018 1150 Bernat
1008 1074 1265 1190 Isglesias
1271 1102 1400 1191 pages
1417 1088 1478 1153 de
1481 1078 1624 1174 foix
1627 1074 1813 1174 defunct
1802 1100 1862 1169 y
1870 1074 1942 1147 de

410 1156 593 1241 Eularia

405 1248 468 1321 dit
479 1255 559 1312 dia
571 1238 734 1316 rebere
745 1247 808 1312 de
816 1245 995 1336 jaume
1013 1229 1261 1345 Guardiola
1267 1243 1415 1340 pages
1433 1236 1485 1300 de
1502 1229 1670 1303 Caldes
1683 1224 1744 1303 de
1749 1224 1945 1328 monbuy

384 1329 501 1437 fill
518 1341 577 1399 de
590 1309 736 1408 Pons
754 1327 1002 1430 Guardiola
1022 1339 1168 1439 pages
1191 1329 1374 1415 defunct
1368 1344 1429 1410 y
1440 1327 1496 1389 de
1502 1315 1776 1415 Hieronyma
1789 1315 1866 1387 ab
1877 1306 1981 1387 Eli=

382 1431 566 1535 sabeth
587 1426 776 1521 donsella
782 1421 908 1519 filla
936 1433 990 1500 de
1011 1417 1189 1533 Gabriel
1198 1419 1328 1528 Quer
1339 1428 1473 1526 pages
1488 1417 1543 1486 de
1556 1400 1642 1490 St
1608 1410 1774 1525 Julia
1780 1415 1839 1484 de
1851 1391 1968 1481 Al=

403 1536 506 1592 tura
514 1555 570 1619 y
595 1530 647 1591 de
710 1530 762 1596 t

403 1607 473 1671 dit
481 1609 554 1676 dia
553 1595 707 1673 rebere
714 1612 767 1671 de
773 1602 933 1695 jaume
941 1590 1129 1697 Aguilar
1133 1618 1284 1683 manya
1299 1593 1518 1664 habitant
1528 1616 1591 1660 en
1606 1586 1764 1679 Bara
1752 1590 1864 1690 fill
1876 1595 1938 1667 de

398 1684 499 1793 Jua
518 1672 722 1786 Aguilar
744 1715 903 1784 manya
927 1687 981 1756 de
990 1672 1122 1754 Valls
1144 1682 1307 1772 defunct
1295 1703 1358 1773 y
1371 1682 1423 1754 de
1424 1678 1601 1775 Juana
1625 1680 1697 1751 ab
1710 1677 1989 1781 Margarida

405 1780 602 1887 donsella
606 1783 732 1882 filla
758 1783 803 1850 de
805 1772 908 1885 Jua
938 1755 1037 1845 Pau
1064 1776 1213 1869 çafont
1225 1797 1383 1843 mercer
1371 1780 1474 1873 de
1468 1757 1631 1868 Bara
1604 1799 1665 1875 y
1678 1776 1743 1845 de
1754 1769 1956 1850 Eularia

403 1881 593 1976 diumenge
615 1900 646 1941 a
670 1891 759 1943 27
756 1874 898 1946 rebere
904 1884 960 1944 de
973 1858 1073 1949 Pere
1077 1861 1187 1974 Jua
1214 1865 1409 1970 Ginestar
1392 1881 1607 1974 serraller
1618 1868 1824 1944 habitant
1817 1903 1885 1948 en
1888 1872 1957 1946 St

407 1973 528 2063 Cugat
548 1969 602 2033 de
611 1957 773 2033 Vallers
766 1969 868 2058 fill
881 1971 930 2033 de
944 1953 1054 2036 Pere
1061 1964 1258 2071 Ginestar
1244 1973 1464 2056 serraller
1457 1992 1522 2066 y
1535 1969 1589 2035 de
1595 1978 1743 2071 juana
1771 1963 1970 2045 defuncts

405 2065 462 2129 ab
474 2048 649 2159 Angela
668 2057 861 2144 donsella
867 2044 993 2150 filla
1004 2057 1067 2130 de
1063 2062 1305 2157 francesch
1324 2037 1482 2167 Roses
1493 2076 1628 2171 pages
1646 2058 1705 2136 de
1727 2041 1940 2167 Ripollet

393 2163 572 2251 defunct
564 2180 621 2247 y
638 2156 693 2230 de
724 2138 937 2242 Elisabeth

382 2248 544 2321 Dilluns
553 2271 595 2312 a
610 2264 695 2322 28
698 2241 845 2313 rebere
858 2250 910 2312 de
900 2238 1139 2345 francesch
1151 2222 1280 2310 Tries
1294 2252 1422 2341 pages
1438 2241 1490 2305 de
1523 2217 1621 2300 Sta
1616 2225 1799 2300 Eularia
1819 2229 1903 2294 de

391 2318 604 2427 Ronsana
618 2337 759 2404 viudo
777 2332 856 2406 ab
881 2320 1065 2401 Violant
1078 2342 1228 2401 viuda
1246 2324 1302 2399 de
1325 2305 1526 2399 Bernat
1546 2320 1702 2430 Garau
1720 2333 1852 2423 pages
1860 2323 1917 2395 de

387 2422 466 2503 St
476 2431 646 2528 jaume
666 2434 727 2503 de
735 2419 1007 2530 Viladroguer
1034 2429 1316 2524 sufraganea
1332 2427 1404 2498 del
1414 2403 1573 2496 Brull
1592 2422 1730 2526 bisbat
1743 2427 1795 2500 de
1800 2415 1915 2495 Vich

393 2521 464 2604 dit
483 2529 561 2601 dia
579 2515 731 2606 rebere
745 2537 799 2602 de
800 2499 930 2604 Pau
939 2516 1131 2604 Antich
1145 2521 1293 2608 Tries
1308 2549 1441 2641 pages
1454 2529 1511 2601 de
1523 2521 1626 2597 Sta
1622 2520 1804 2601 Eularia
1830 2525 1901 2601 de

380 2601 600 2728 Ronsana
617 2619 727 2728 fill
745 2635 799 2702 de
797 2622 1058 2728 francesch
1080 2615 1228 2714 Tries
1246 2640 1367 2730 pages
1352 2659 1418 2721 y
1431 2626 1487 2698 de
1507 2596 1697 2695 Eularia
1710 2622 1942 2709 defuncta

384 2732 452 2805 ab
472 2718 757 2834 Margarida
779 2725 976 2817 donsella
967 2724 1108 2826 filla
1119 2736 1178 2799 de
1183 2708 1379 2808 Bernat
1394 2724 1563 2832 Garau
1569 2732 1690 2832 pages
1697 2724 1769 2791 de
1770 2706 1850 2793 St
1851 2716 1966 2817 jaue

384 2842 440 2900 de
442 2823 722 2935 Viladroguer
740 2833 1004 2930 sufraganea
1033 2826 1108 2893 del
1133 2797 1296 2897 Brull
1320 2810 1458 2928 bisbat
1482 2823 1534 2892 de
1537 2819 1660 2888 Vich
1671 2814 1873 2900 defunct
1858 2835 1933 2899 y

386 2934 443 3006 de
458 2919 658 2998 Violant

377 3016 529 3074 Dimars
542 3022 594 3076 a
593 3013 675 3079 29
675 2997 822 3061 rebere
827 3008 880 3064 de
878 2993 1016 3097 Juan
1026 2976 1217 3066 Bertran
1208 2965 1245 3012 de
1248 2953 1313 3017 les
1319 2949 1469 3017 Canals
1223 3014 1342 3101 pages
1361 3010 1418 3068 de
1425 2986 1517 3068 St
1501 2994 1682 3064 Climent
1690 3008 1743 3060 de
1756 2992 1943 3102 llobregat

377 3096 457 3183 fill
476 3100 526 3158 de
528 3087 655 3188 Juan
680 3063 865 3160 Bertran
890 3095 939 3162 de
959 3089 1043 3156 los
1059 3087 1221 3158 Canals
1234 3107 1369 3191 pages
1368 3120 1427 3183 y
1442 3096 1497 3153 de
1521 3081 1776 3181 Hieronyma
1793 3087 1977 3172 defuncts

377 3182 452 3259 ab
468 3163 688 3282 Elisabeth
687 3183 824 3249 viuda
846 3187 889 3254 de
888 3178 1065 3280 Jaume
1063 3176 1222 3275 fexes
1228 3206 1365 3297 pages
1384 3190 1432 3252 de
1450 3157 1652 3257 Pontons
