2690 3794
430 303 612 400 Diumege
628 338 658 373 a
679 330 734 374 17
758 309 891 373 rebere
911 317 959 374 de
983 309 1142 375 Antoni
1148 300 1338 389 Bertran
1345 328 1477 381 corder
1495 331 1537 383 de
1555 309 1682 399 Bara
1682 322 1795 375 viudo
1802 310 1877 376 ab
1881 294 2009 375 Paula

438 406 567 468 viuda
590 408 635 465 de
655 405 767 479 juan
791 394 934 452 Marti
928 397 1131 457 mariner
1144 405 1209 458 de
1205 389 1357 492 Bara

440 482 492 549 dit
500 493 558 550 dia
572 474 711 553 rebere
734 490 785 550 de
789 475 1025 586 francesch
1045 492 1238 551 Saviara
1248 489 1399 574 mestre
1424 481 1477 542 de
1486 484 1601 582 cases
1602 488 1788 569 frances
1797 475 1975 549 habitat

441 606 494 647 en
521 583 716 642 Mataro
736 578 812 644 ab
825 582 1094 678 Magdalena
1112 576 1290 672 donsella
1293 574 1419 666 filla
1432 581 1487 639 de
1566 582 1599 643 t
1675 559 1878 636 Barbera
1886 578 2015 668 mestre

438 680 484 736 de
500 683 605 763 cases
638 676 808 760 defunct
813 701 872 762 y
883 681 945 739 de
949 657 1183 738 Ramona

429 760 578 816 dilluns
586 786 617 820 a
636 781 687 830 18
708 762 838 828 rebere
849 769 899 825 de
911 770 1056 846 jaume
1062 759 1194 844 faliu
1210 766 1337 853 pages
1346 757 1387 807 de
1406 748 1628 842 Campanya
1637 742 1721 822 fill
1734 742 1774 800 de
1787 710 1945 821 franch

418 849 552 932 faliu
566 873 603 919 y
618 857 663 908 de
678 833 816 901 Paula
838 843 1011 919 defuncts
1031 837 1096 900 ab
1106 834 1309 893 Catherina
1325 847 1459 894 viuda
1473 841 1517 892 de
1527 839 1660 914 jaume
1679 815 1813 913 Esteva
1820 837 1946 921 pages

438 945 486 1000 de
494 931 559 997 St
560 938 657 1022 joan
672 922 789 1025 Despi

417 1011 494 1082 dit
507 1023 587 1084 dia
604 1011 752 1086 rebere
754 1025 805 1082 de
823 1001 1031 1077 Melchior
1045 991 1169 1067 Porta
1186 995 1341 1094 fuster
1348 999 1398 1062 de
1418 969 1587 1106 Bara
1558 991 1674 1094 fill
1678 1003 1727 1062 de
1741 985 1943 1100 Miquel

431 1093 566 1175 Porta
573 1112 735 1209 fuster
754 1114 823 1182 de
840 1079 994 1194 Bara
999 1129 1050 1193 y
1063 1101 1123 1171 de
1141 1097 1435 1212 Margarida
1473 1097 1551 1164 ab
1563 1084 1790 1171 Elisabeth
1819 1089 2016 1190 donsella

426 1215 538 1292 filla
549 1220 606 1283 de
633 1189 806 1278 Aleix
833 1179 1041 1276 Brunet
1060 1225 1210 1273 correu
1235 1212 1280 1265 de
1298 1199 1460 1260 cavall
1455 1226 1517 1290 y
1530 1205 1581 1265 de
1611 1183 1800 1299 Antiga

432 1301 501 1362 dit
511 1301 581 1358 dia
589 1288 724 1362 rebere
738 1303 784 1359 de
791 1288 1019 1390 francesch
1036 1290 1178 1394 Gibert
1189 1300 1318 1393 pages
1331 1296 1380 1356 de
1377 1293 1558 1391 fransa
1568 1296 1685 1350 viudo
1696 1281 1894 1350 habitant
1907 1303 1978 1341 en

436 1389 648 1460 Vilanova
666 1393 716 1456 de
722 1383 793 1460 La
812 1367 985 1459 Rocha
1000 1382 1083 1454 ab
1087 1386 1332 1448 Catherina
1340 1363 1525 1446 Avella
1536 1385 1660 1441 viuda
1679 1373 1735 1439 de
1756 1383 1797 1427 t

427 1490 500 1564 dit
514 1486 594 1553 dia
612 1480 757 1553 rebere
768 1495 819 1551 de
818 1491 950 1586 Juan
971 1481 1108 1586 Garbi
1119 1502 1243 1589 pages
1255 1485 1308 1549 de
1324 1469 1491 1579 Tortosa
1508 1472 1707 1541 habitant
1721 1493 1776 1534 en
1789 1435 1970 1563 Bara

411 1587 512 1676 fill
527 1593 578 1647 de
597 1585 774 1676 Guillem
796 1574 936 1683 Garbi
947 1597 1068 1690 pages
1063 1602 1129 1678 y
1147 1583 1195 1648 de
1213 1575 1396 1684 Sperasa
1420 1571 1612 1660 defuncts
1621 1568 1687 1630 ab
1686 1548 1971 1667 Elisabeth

423 1690 608 1777 donsella
617 1683 753 1775 filla
774 1684 831 1751 de
909 1685 948 1746 t
1248 1688 1309 1783 y
1304 1683 1365 1742 de
1384 1683 1428 1735 t

399 1766 622 1855 Dimecres
629 1796 664 1841 a
686 1788 790 1845 20
791 1761 951 1839 rebere
969 1774 1023 1840 de
1026 1763 1128 1841 mr
1130 1739 1337 1844 Bernat
1354 1747 1516 1878 Roses
1530 1762 1742 1868 apotecari
1754 1747 1971 1826 habitant

421 1898 484 1945 en
504 1848 677 1976 Bara
670 1864 785 1964 fill
802 1876 855 1938 de
876 1867 1056 1977 Miquel
1066 1848 1229 1968 Roses
1240 1874 1427 1973 pescador
1442 1877 1493 1941 de
1499 1857 1775 1979 Terragona
1754 1895 1825 1959 y
1842 1859 1938 1935 de

417 1975 662 2041 Catherina
685 1970 740 2036 ab
754 1970 810 2034 la
827 1956 939 2040 Sra
933 1959 1194 2034 Catherina
1200 1978 1360 2038 viuda
1378 1971 1427 2032 de
1453 1955 1644 2072 Guillem
1662 1953 1824 2026 Horta
1835 1978 1977 2064 apote=

417 2078 508 2137 cari
530 2079 588 2133 de
606 2044 817 2159 Arenys

410 2146 475 2209 dit
489 2158 548 2215 dia
560 2136 697 2211 rebere
715 2154 763 2210 de
760 2107 933 2234 franch
926 2133 1129 2206 Saurina
1141 2160 1285 2220 manya
1303 2124 1491 2192 habitant
1499 2142 1553 2188 en
1569 2085 1726 2215 Bara
1715 2123 1847 2188 viudo
1863 2109 1955 2184 ab

429 2236 673 2301 Catherina
681 2237 836 2300 viuda
856 2228 915 2294 de
1010 2235 1048 2293 t
1150 2218 1278 2323 Grau
1304 2213 1516 2327 blanquer
1530 2221 1584 2286 de
1609 2208 1798 2280 Cervera

422 2322 477 2387 dit
491 2326 562 2387 dia
572 2308 713 2388 rebere
720 2327 768 2387 de
783 2327 901 2413 juan
912 2316 1050 2407 Codony
1063 2311 1286 2380 treballador
1296 2317 1363 2379 del
1371 2334 1493 2400 regne
1510 2313 1556 2372 de
1552 2308 1723 2400 fransa
1737 2294 1943 2374 habitant

423 2439 479 2478 en
498 2402 703 2479 Cardedeu
728 2418 790 2473 ab
801 2410 959 2512 Ursola
981 2412 1170 2497 donsella
1177 2405 1304 2489 filla
1319 2409 1362 2465 de
1382 2381 1655 2467 Barthomeu
1674 2399 1838 2464 Subira
1827 2389 2016 2486 sisteller

400 2539 466 2597 y
479 2517 528 2577 de
530 2500 716 2613 Juana
740 2508 959 2586 defuncts

424 2585 554 2675 dijous
565 2615 602 2655 a
616 2604 683 2654 21
698 2584 849 2654 rebere
852 2595 906 2655 de
901 2562 1023 2674 Jua
1001 2577 1212 2667 forment
1220 2570 1444 2635 treballador
1432 2557 1639 2658 frances
1647 2565 1844 2628 habitant
1858 2580 1948 2625 en

425 2658 572 2756 Bara
582 2674 649 2741 ab
671 2665 883 2758 Elisabeth
889 2672 1077 2761 donsella
1076 2659 1206 2745 filla
1218 2663 1271 2715 de
1295 2631 1459 2741 Perriz
1458 2637 1607 2720 Badia
1619 2654 1847 2723 treballador
1835 2684 1889 2736 y
1901 2647 1963 2715 de

430 2760 639 2841 Elisabeth
656 2768 847 2851 defuncts

422 2862 475 2918 dit
481 2861 545 2918 dia
550 2850 675 2915 rebere
687 2859 735 2915 de
741 2828 950 2945 Raphel
958 2842 1151 2940 Crespiera
1160 2848 1361 2932 negociant
1375 2835 1571 2899 habitant
1578 2854 1635 2896 en
1658 2810 1814 2913 Bara
1798 2824 1901 2919 fill
1906 2825 1964 2892 de

430 2927 536 3005 Pere
560 2939 754 3035 Crespiera
768 2949 902 3037 pages
914 2952 957 3008 de
963 2938 1194 3030 ferrerons
1205 2932 1325 3024 bisbat
1343 2941 1391 2994 de
1393 2923 1497 2989 Vich
1488 2951 1544 3014 y
1557 2933 1604 2989 de
1609 2906 1751 2986 Paula
1764 2917 1968 2998 defuncts

425 3029 499 3097 ab
512 3020 768 3115 Hieronyma
785 3035 967 3119 donsella
969 3025 1096 3113 filla
1114 3035 1161 3091 de
1173 3027 1347 3089 Antoni
1363 3004 1605 3084 Balderich
1612 3034 1800 3114 parayre
1818 3015 1865 3076 de
1869 2988 2019 3101 Bara

408 3144 466 3211 y
478 3125 523 3183 de
542 3111 697 3187 Anna

434 3201 499 3264 dit
513 3204 583 3265 dia
590 3188 725 3260 rebere
737 3190 789 3250 de
804 3162 917 3248 Pere
932 3167 1105 3248 Denetis
1103 3181 1248 3289 pages
1264 3173 1472 3237 habitant
1479 3195 1539 3235 en
1541 3153 1760 3259 Terrassa
1761 3166 1860 3259 fill
1877 3163 1953 3234 de

419 3274 590 3353 Arnau
602 3276 786 3348 Denetis
793 3292 926 3376 pages
932 3279 988 3342 de
996 3264 1135 3337 Livia
1153 3264 1280 3365 bisbat
1292 3268 1347 3330 de
1353 3260 1488 3366 Urgell
1474 3289 1535 3351 y
1541 3266 1592 3328 de
1587 3259 1760 3353 Juana
1772 3255 1990 3338 defuncts

417 3375 494 3433 ab
500 3365 757 3465 Margarida
780 3374 909 3431 viuda
926 3363 978 3421 de
966 3344 1081 3448 Jua
1103 3337 1244 3420 Brau
1248 3362 1408 3421 texidor
1419 3357 1464 3412 de
1472 3359 1589 3412 llana
1603 3358 1655 3415 de
1663 3337 1839 3447 Aulesa
1848 3359 1894 3419 de
1900 3326 2115 3449 Motserrat
