2690 3794
393 284 597 406 Dissapte
614 312 672 371 al
680 305 756 406 pr
759 312 813 372 de
819 308 884 372 dit
892 296 1047 374 rebere
1049 315 1102 381 de
1097 324 1253 413 jaume
1268 322 1469 390 Vallbona
1498 333 1702 386 tavarner
1703 314 1906 392 habitant
1901 343 1987 390 en

409 380 572 495 Bara
556 399 665 487 fill
673 405 728 460 de
741 379 874 466 Pere
890 394 1089 462 Vallbona
1103 413 1228 495 pages
1247 410 1296 474 de
1304 403 1398 476 Sta
1389 405 1562 474 Coloma
1577 407 1627 472 de
1641 413 1800 490 Queralt
1799 429 1850 490 y
1862 407 1957 467 de

427 482 656 555 Catherina
673 489 867 571 defuncts
882 489 954 550 ab
974 461 1114 548 Paula
1126 489 1308 581 donsella
1307 484 1439 581 filla
1452 494 1497 551 de
1527 491 1701 579 Miquel
1703 484 1849 562 Ribes
1846 503 1989 599 pages

425 593 471 652 de
473 573 622 653 Tona
639 572 785 680 bisbat
805 584 856 639 de
864 566 972 643 Vich
985 573 1170 666 defunct
1156 607 1225 669 y
1229 587 1293 643 de
1293 575 1464 643 Maria

424 663 491 739 dit
505 668 590 732 dia
602 665 749 739 rebere
764 680 815 739 de
837 651 1047 741 Bertran
1067 670 1214 741 Serra
1215 671 1358 785 pages
1359 684 1419 743 de
1409 668 1581 764 frança
1601 659 1800 732 habitant
1803 691 1863 736 en
1874 656 2021 734 Mon=

409 761 517 822 cada
545 758 617 820 ab
638 747 890 848 Maryanna
912 758 1104 859 donsella
1103 759 1242 853 filla
1258 759 1316 825 de
1313 756 1451 845 Juan
1464 761 1574 853 Cifra
1586 752 1765 850 musich
1765 761 1816 818 de
1831 749 1991 818 Caldes

408 863 457 922 de
472 845 663 938 Monbuy
671 845 842 934 defunct
837 875 893 936 y
908 845 970 908 de
994 835 1148 908 Maria

399 937 471 1001 dit
473 940 548 999 dia
550 929 685 1001 rebere
695 947 738 995 de
739 937 852 1027 juan
867 926 1066 1027 Masachs
1083 929 1221 1034 pintor
1231 933 1278 997 de
1284 915 1431 1009 Bara
1414 928 1519 1017 fill
1527 937 1581 994 de
1586 915 1752 990 Antoni
1758 921 1975 1018 Masachs

395 1030 553 1124 fuster
561 1021 626 1087 de
630 1010 729 1090 Sta
734 1019 836 1088 Ma
830 1024 879 1085 de
890 1019 1005 1113 Olost
1019 1014 1153 1115 bisbat
1167 1017 1225 1076 de
1229 1005 1328 1081 Vich
1338 1007 1526 1094 defunct
1509 1035 1570 1094 y
1586 1010 1640 1080 de
1668 996 1975 1109 Mariangela

408 1123 476 1187 ab
490 1107 649 1178 Maria
664 1110 845 1206 donsella
846 1112 977 1204 filla
985 1112 1045 1182 de
1055 1103 1221 1204 Gaspar
1229 1089 1389 1206 Preses
1383 1106 1571 1199 sculptor
1580 1110 1633 1171 de
1643 1087 1793 1190 Bara
1787 1100 1984 1185 defunct

388 1238 451 1301 y
459 1214 519 1280 de
538 1181 794 1304 Baltesara

390 1296 549 1367 Dilluns
566 1319 606 1362 a
613 1310 656 1376 3
662 1294 804 1366 rebere
807 1302 865 1359 de
876 1288 1016 1390 Giralt
1026 1298 1102 1357 del
1106 1268 1262 1394 Bosch
1270 1286 1440 1387 botiguer
1441 1294 1496 1353 de
1505 1280 1627 1350 vidre
1644 1298 1704 1350 de
1700 1284 1873 1378 frança
1885 1282 1984 1353 ha=

397 1381 537 1450 bitant
552 1405 606 1443 en
628 1379 852 1448 Martorell
862 1375 936 1436 ab
946 1370 1164 1444 Catherina
1174 1379 1312 1443 viuda
1325 1387 1374 1444 de
1359 1368 1474 1467 Jua
1487 1370 1635 1444 Cellers
1644 1386 1781 1474 pages
1787 1379 1841 1436 de
1853 1379 1978 1438 dita

391 1480 496 1539 vila

401 1544 464 1606 dit
472 1549 539 1608 dia
545 1532 678 1608 rebere
685 1550 740 1610 de
752 1532 918 1610 Antich
926 1540 1066 1638 Garau
1078 1554 1207 1646 pages
1224 1547 1273 1610 de
1277 1522 1362 1603 St
1306 1536 1460 1650 Iscla
1470 1547 1515 1606 de
1520 1542 1594 1611 las
1589 1536 1747 1627 fexas
1757 1547 1882 1608 viudo
1894 1549 1978 1604 ab

395 1617 564 1699 Beneta
584 1631 756 1724 donsella
753 1626 890 1718 filla
905 1639 961 1699 de
1033 1647 1113 1702 t
1217 1626 1435 1699 Valldeneu
1432 1647 1563 1732 pages
1580 1642 1638 1701 de
1641 1617 1850 1699 Barbera
1831 1658 1906 1727 y
1912 1639 1980 1704 de

415 1726 578 1792 Salvia

388 1807 458 1869 dit
465 1814 530 1866 dia
539 1793 681 1866 rebere
696 1796 753 1866 de
759 1794 920 1864 Antoni
924 1780 1056 1866 Roca
1042 1798 1235 1892 sabater
1250 1803 1303 1864 de
1302 1782 1467 1894 Bara
1450 1802 1574 1862 viudo
1584 1791 1659 1860 ab
1650 1793 1925 1902 Speransa

390 1893 530 1957 viuda
554 1893 612 1954 de
614 1870 738 1954 Pere
755 1870 979 1976 Belluesi
1003 1893 1145 1987 sastre
1163 1897 1214 1955 de
1229 1870 1383 1983 Bara

391 1979 460 2041 dit
463 1977 528 2036 dia
539 1972 674 2039 rebere
685 1982 738 2048 de
757 1981 927 2083 Miquel
940 1988 1047 2071 Onyo
1056 1982 1210 2047 texidor
1217 1988 1262 2041 de
1274 1982 1333 2041 lli
1349 1988 1398 2045 de
1397 1967 1478 2043 St
1468 1972 1619 2052 Vicens
1626 1989 1674 2048 de
1683 1967 1849 2057 Riells
1831 1981 1941 2071 fill

393 2072 446 2127 de
452 2054 649 2132 Amador
664 2075 783 2162 Onyo
773 2095 834 2155 y
841 2079 902 2141 de
922 2074 1116 2140 Eularia
1127 2068 1344 2157 defuncta
1359 2063 1435 2126 ab
1445 2052 1649 2141 Elisabeth
1655 2074 1836 2166 donsella
1835 2068 1970 2164 filla

388 2163 442 2229 de
472 2156 647 2261 Miquel
661 2172 777 2261 Otset
785 2181 915 2269 pages
926 2173 982 2236 de
994 2147 1075 2229 St
1079 2137 1198 2229 Pere
1209 2161 1271 2227 de
1283 2140 1472 2257 Bigues
1463 2182 1531 2250 y
1541 2165 1592 2225 de
1616 2149 1948 2250 Montserrada

374 2254 539 2315 Dimars
547 2279 583 2319 a
588 2277 667 2327 4
662 2256 799 2319 rebere
807 2270 863 2324 de
864 2247 1043 2325 Ramon
1053 2265 1228 2334 Quadriu
1229 2272 1358 2347 pages
1373 2268 1433 2322 de
1423 2258 1595 2345 fransa
1607 2256 1806 2322 habitant
1805 2272 1920 2320 en

384 2312 539 2427 Bara
539 2344 608 2410 ab
625 2333 874 2429 Maryanna
882 2347 1052 2410 viuda
1058 2349 1113 2408 de
1127 2324 1319 2408 Bernat
1334 2321 1531 2406 Boxera
1541 2342 1690 2429 mestre
1694 2342 1749 2401 de
1755 2330 1918 2418 cases

386 2442 517 2499 mori
514 2456 587 2503 en
600 2417 743 2524 Bara

363 2510 563 2583 Dimecres
571 2543 612 2581 a
627 2519 685 2604 5
685 2505 838 2579 rebere
846 2519 903 2574 de
904 2495 1071 2571 Antoni
1093 2497 1326 2601 Llenguart
1342 2498 1505 2562 texidor
1509 2496 1568 2562 de
1583 2493 1720 2562 llana
1735 2486 1954 2562 habitant

379 2618 436 2662 en
451 2612 722 2699 Sparaguera
730 2597 840 2690 fill
853 2607 907 2666 de
922 2578 1099 2662 Antoni
1098 2593 1329 2687 llenguart
1345 2587 1505 2657 texidor
1523 2590 1579 2649 de
1592 2585 1716 2647 llana
1715 2604 1787 2669 y
1796 2578 1859 2642 de
1879 2576 1926 2642 t

373 2701 565 2786 defuncta
597 2696 672 2761 ab
673 2668 829 2761 Paula
857 2688 1004 2788 dosella
997 2689 1161 2788 filla
1184 2686 1244 2753 de
1237 2682 1411 2789 Joseph
1433 2674 1633 2744 Carrolis
1622 2694 1824 2779 parayre
1841 2670 1940 2734 de

377 2797 665 2892 Sparaguera
677 2793 870 2888 defunct
855 2820 930 2885 y
936 2790 998 2857 de
990 2781 1194 2895 Juana

368 2894 521 2985 Dijous
536 2913 574 2952 a
585 2866 649 2954 6
645 2884 789 2952 rebere
802 2892 844 2949 de
832 2877 1078 2980 francesch
1088 2875 1261 2959 Orelles
1275 2887 1411 2944 corder
1417 2877 1477 2940 de
1491 2878 1632 2944 cordas
1647 2877 1699 2937 de
1708 2865 1847 2935 viola
1860 2859 1988 2935 habi=

372 2990 482 3039 tant
495 2998 556 3041 en
565 2964 720 3065 Bara
707 2976 812 3069 fill
825 2981 882 3043 de
890 2972 1051 3077 Guerau
1066 2977 1219 3053 Orelles
1220 2969 1381 3067 fuster
1389 2974 1445 3036 de
1451 2941 1603 3053 Bara
1602 2965 1773 3048 defunct
1772 2988 1836 3051 y
1844 2960 1923 3020 de

377 3059 635 3159 Maryanna
650 3062 725 3129 ab
731 3057 1050 3162 Montserrada
1050 3068 1223 3135 viuda
1246 3070 1302 3124 de
1313 3035 1603 3129 Barthomeu
1609 3035 1737 3123 Pons
1751 3064 1926 3121 corredor

386 3161 441 3223 de
456 3148 628 3251 bestias
641 3158 702 3220 de
710 3125 872 3244 Bara

349 3233 572 3308 Divendres
587 3262 643 3304 a
642 3233 710 3302 7
725 3235 870 3304 rebere
880 3238 939 3301 de
936 3203 1121 3313 franch
1111 3199 1299 3285 Aromir
1311 3215 1508 3313 cilurgia
1529 3218 1594 3283 de
1599 3193 1768 3312 Bara
1748 3172 1851 3223 viudo
1764 3216 1835 3277 ab
1841 3205 1989 3316 Elisa=

365 3323 466 3402 beth
462 3330 623 3395 viuda
632 3325 699 3388 de
707 3318 912 3383 Matheu
920 3311 1099 3425 Godobin
1110 3318 1314 3412 cilurgia
1336 3321 1477 3383 mori
1472 3335 1542 3379 en
1553 3304 1708 3408 Urgell
