2690 3794
365 213 733 415 Divendres
753 326 803 395 al
808 316 903 427 pr
898 325 1049 400 rebere
1068 344 1114 400 de
1124 333 1205 404 mr
1211 320 1365 436 Rafel
1347 336 1509 433 ferra
1514 351 1712 414 mercader

418 422 472 483 de
486 399 638 503 Bara
633 420 736 512 fill
743 426 792 494 de
808 430 888 491 mr
891 404 1007 491 Pere
1001 423 1180 517 ferran
1188 432 1405 493 mercader
1391 459 1449 522 y
1456 440 1509 504 de
1520 427 1718 506 Hiero=

414 534 555 601 nyma
570 517 778 598 defuncta
812 519 869 578 ab
874 520 925 581 la
939 507 1049 578 Sra
1052 508 1192 586 Elena
1214 519 1398 615 donsella
1399 517 1537 621 filla
1550 533 1595 586 de
1600 523 1742 623 jau=

415 623 480 668 me
497 592 605 662 lledo
615 595 833 665 mercader
843 607 895 667 de
908 595 1069 704 Girona
1056 635 1121 696 y
1137 611 1185 680 de
1209 602 1477 700 Hieronyma
1508 617 1698 694 defuncts

408 686 473 761 dit
483 692 550 759 dia
567 677 703 755 rebere
715 694 763 760 de
768 688 852 760 mr
858 682 965 762 Pere
960 693 1100 790 Juan
1107 695 1283 793 ferran
1299 703 1509 762 mercader
1530 704 1576 760 de
1593 681 1757 782 Bara
1764 693 1902 757 viudo
1917 703 1981 755 ab

421 779 469 841 la
481 762 610 839 Sra
613 764 876 858 Hieronyma
890 782 1056 845 viuda
1072 788 1120 845 de
1130 772 1236 870 msr
1245 751 1357 850 Pere
1365 779 1501 850 Soler
1517 772 1577 850 de
1599 758 1775 874 Bara

412 858 487 946 dit
508 866 580 932 dia
599 860 749 936 rebere
759 878 814 940 de
826 840 941 932 Pere
944 867 1081 965 Juan
1093 863 1297 937 Marcia
1314 889 1444 973 pages
1464 883 1518 944 de
1314 889 1444 973 fransa
1719 866 1949 940 habitant

417 983 469 1021 en
477 958 540 1023 la
542 930 717 1026 Rocha
738 961 818 1026 ab
810 958 1070 1065 francesca
1078 972 1221 1030 viuda
1230 963 1289 1027 de
1295 965 1456 1059 jaume
1486 959 1613 1055 Cases
1623 975 1754 1061 pages
1768 947 1946 1026 habitat

407 1064 467 1116 en
485 1054 580 1113 dita
594 1051 807 1152 parrochia

410 1129 584 1234 dissapte
596 1158 630 1195 a
642 1148 689 1201 2
695 1130 838 1200 rebere
852 1140 907 1205 de
921 1134 1087 1229 Gaspar
1091 1134 1232 1202 Serra
1241 1143 1370 1238 pages
1380 1143 1434 1199 de
1445 1123 1726 1234 Sparaguera
1716 1123 1825 1215 fill
1826 1127 1879 1191 de
1863 1081 2026 1215 franch

417 1219 547 1286 Serra
562 1239 683 1330 pages
679 1250 735 1309 y
745 1233 791 1293 de
804 1217 965 1327 Antiga
977 1228 1179 1317 difuncta
1198 1227 1278 1291 ab
1274 1212 1421 1322 Agnes
1437 1225 1620 1322 donsella
1623 1216 1754 1311 filla
1772 1214 1823 1283 de
1837 1214 1993 1282 Mont=

390 1324 560 1409 serrat
571 1323 665 1386 Oms
679 1341 806 1430 pages
828 1329 885 1400 de
896 1323 1158 1431 Monistrol
1166 1333 1225 1400 de
1242 1329 1421 1403 Calders
1400 1360 1464 1419 y
1474 1335 1528 1396 de
1539 1319 1780 1436 Miquela

410 1406 471 1478 dit
477 1420 546 1478 dia
550 1412 691 1475 rebere
709 1426 760 1484 de
762 1397 888 1485 Pere
885 1420 1019 1508 Juan
1039 1412 1258 1512 Mitjans
1269 1413 1450 1493 hortola
1463 1413 1662 1490 habitant
1665 1440 1723 1484 en
1735 1395 1880 1500 Bara
1868 1414 1976 1506 fill

398 1514 459 1572 de
461 1484 579 1567 Perot
594 1508 771 1593 mitjans
784 1526 919 1614 pages
934 1511 999 1581 de
1013 1496 1118 1580 Sta
1110 1512 1286 1584 Maria
1306 1517 1358 1583 de
1379 1507 1539 1583 bellver
1550 1508 1690 1611 bisbat
1711 1519 1761 1577 de
1778 1485 1954 1589 Bara

380 1624 454 1694 y
455 1606 503 1670 de
524 1598 684 1674 Candia
699 1607 916 1694 defuncts
934 1601 1003 1670 ab
1008 1594 1188 1701 Angela
1205 1608 1407 1700 donsella
1405 1596 1530 1699 filla
1541 1608 1594 1671 de
1583 1605 1730 1696 Juan
1742 1582 1959 1670 Verneda

410 1705 565 1768 texidor
576 1706 629 1771 de
640 1701 763 1767 llana
784 1704 839 1770 de
851 1678 1021 1794 Bara
1027 1708 1206 1798 defunct
1194 1739 1252 1801 y
1272 1714 1326 1782 de
1345 1704 1609 1808 Margarida

405 1789 466 1856 dit
474 1797 545 1853 dia
549 1785 689 1861 rebere
700 1795 749 1857 de
743 1777 863 1858 Pere
872 1793 985 1886 Costa
996 1813 1126 1895 pages
1129 1802 1184 1868 de
1192 1785 1270 1866 St
1259 1784 1425 1864 Andreu
1437 1796 1485 1861 de
1491 1778 1687 1858 Palomar
1679 1776 1791 1882 fill
1796 1795 1854 1851 de
1841 1770 1957 1879 Jua

408 1881 512 1968 Costa
527 1897 643 1981 pages
639 1907 691 1968 y
695 1891 749 1949 de
753 1874 924 1953 Violant
932 1887 1127 1973 defuncta
1156 1887 1219 1949 ab
1227 1881 1465 1985 Margarida
1485 1882 1667 1982 donsella
1663 1882 1795 1971 filla
1805 1885 1854 1954 de
1857 1859 1974 1951 Pere

412 1972 569 2044 Strada
585 1988 712 2081 pages
711 2003 763 2064 y
778 1985 831 2048 de
846 1970 1015 2050 Elienor
1030 1985 1226 2070 defuncta
1245 1989 1329 2043 tots
1333 1978 1386 2044 de
1392 1985 1476 2058 dita
1479 1981 1712 2091 parrochia

396 2065 576 2144 Dilluns
588 2106 622 2142 a
656 2098 701 2157 4
711 2070 861 2145 rebere
874 2092 928 2148 de
938 2066 1115 2148 Antoni
1135 2074 1368 2176 Massana
1379 2091 1605 2176 negociant
1620 2079 1670 2141 de
1676 2055 1917 2144 Pontons

407 2161 555 2273 bisbat
574 2176 626 2247 de
656 2169 824 2274 Girona
830 2172 946 2265 fill
956 2176 1018 2238 de
1011 2180 1164 2271 Juan
1183 2173 1413 2274 Massana
1426 2188 1574 2282 pages
1564 2199 1627 2260 y
1637 2171 1689 2238 de
1710 2152 1880 2234 Anna
1892 2164 1978 2231 ab

411 2268 680 2358 Hieronyma
692 2267 879 2368 donsella
868 2265 1013 2361 filla
1036 2273 1089 2339 de
1098 2276 1190 2338 mr
1197 2253 1315 2340 Pere
1346 2273 1495 2365 Mitja
1506 2267 1730 2333 mercader
1736 2270 1806 2334 de
1804 2243 1966 2366 Bara

385 2390 455 2468 y
466 2367 518 2431 de
618 2368 668 2431 t
720 2369 934 2449 defuncta

407 2450 476 2533 dit
493 2458 562 2524 dia
577 2453 727 2530 rebere
740 2463 799 2527 de
804 2435 973 2560 Phelip
998 2449 1166 2559 Gassia
1172 2436 1379 2546 sisteller
1399 2446 1460 2514 de
1470 2441 1701 2510 Moncada
1704 2441 1844 2508 viudo
1869 2434 1948 2501 ab

411 2553 686 2649 Maryanna
704 2559 844 2622 viuda
868 2563 928 2620 de
1000 2567 1038 2620 t
1124 2573 1319 2619 carreter
1343 2556 1405 2613 de
1420 2543 1520 2609 dita
1524 2534 1783 2647 parrochia

395 2643 467 2714 dit
485 2643 563 2715 dia
575 2632 732 2710 rebere
746 2648 801 2711 de
799 2641 964 2742 Juan
987 2626 1173 2710 Umbert
1179 2665 1375 2755 parayre
1397 2644 1451 2708 de
1477 2633 1694 2739 Terrassa
1695 2641 1802 2733 fill
1799 2644 1851 2705 de
1870 2633 1959 2738 Gi=

397 2747 496 2807 ralt
512 2729 682 2804 Umbert
693 2760 874 2854 parayre
875 2762 938 2834 y
955 2741 1009 2810 de
1029 2719 1222 2804 Eularia
1243 2735 1466 2824 defuncta
1486 2737 1553 2801 ab
1575 2725 1849 2828 Margarida
1867 2727 1969 2790 don=

374 2842 514 2945 sella
519 2834 645 2925 filla
664 2849 720 2900 de
752 2821 948 2910 Bernat
966 2807 1252 2901 Ramoneda
1261 2851 1454 2948 parayre
1439 2861 1507 2928 y
1517 2834 1570 2902 de
1572 2836 1736 2924 Juana
1752 2821 1854 2889 tots
1870 2827 1939 2894 de

410 2933 497 3007 dita
508 2936 622 3006 vila

398 3013 473 3097 dit
486 3029 555 3096 dia
564 3013 718 3092 rebere
737 3027 789 3086 de
809 2995 1005 3084 Andreu
1028 3006 1232 3086 Llaneres
1241 3035 1434 3124 parayre
1459 3014 1515 3085 de
1535 3014 1694 3082 Caldes
1701 3013 1761 3081 de
1773 3000 1964 3090 Monbuy

407 3119 535 3189 viudo
549 3113 622 3179 ab
640 3104 906 3204 Hieronyma
926 3115 1105 3208 donsella
1091 3090 1240 3205 filla
1256 3112 1305 3179 de
1300 3107 1444 3198 Juan
1445 3091 1610 3171 Ribes
1609 3124 1804 3209 parayre
1806 3124 1851 3200 y
1859 3106 1927 3156 de

416 3221 463 3281 t
566 3212 667 3276 tots
685 3212 743 3276 de
768 3207 867 3276 dita
882 3207 1004 3271 vila
