2690 3794
276 175 639 431 Dimars
650 370 693 415 a
706 356 778 415 2
786 337 969 415 rebere
981 351 1033 411 de
1041 332 1215 422 Anton
1241 353 1300 417 de
1313 337 1494 415 Rotxe
1508 372 1679 420 moreno
1695 353 1878 417 natural
1882 353 1936 417 de
1942 342 2024 411 la

395 449 527 546 Islla
546 449 620 513 del
641 424 817 539 Brasil
820 438 904 513 ab
905 421 1108 544 Philippa
1119 445 1271 511 #
1289 428 1448 518 Paula
1454 445 1518 516 de
1527 438 1734 546 Gusman
1746 445 1897 511 tambe
1894 461 2026 513 more=

403 562 477 612 na
497 550 547 607 de
556 536 612 607 la
609 538 753 640 Islla
777 545 831 614 de
840 534 933 609 Sto
937 538 1130 617 Thome
1148 536 1390 612 habitants
1398 557 1460 612 en
1466 524 1628 638 Bara

386 632 610 708 Dimecres
616 665 659 703 a
670 637 736 708 3
733 629 897 708 rebere
890 642 951 714 de
942 639 1081 743 Joan
1097 637 1232 710 Soler
1211 644 1417 736 sabater
1427 633 1495 714 de
1501 616 1654 732 Bara
1649 629 1742 719 fill
1759 626 1818 697 de
1823 608 1931 703 Pere
1934 626 2065 705 Soler

391 754 540 844 pages
531 766 591 823 y
599 742 654 804 de
646 733 812 828 Joana
825 731 1057 830 defuncta
1083 740 1152 811 ab
1161 728 1324 806 Tecla
1328 731 1511 837 donsella
1505 726 1659 823 filla
1663 726 1715 802 de
1717 735 1883 837 jaume
1901 719 2002 802 Mi=

393 845 562 902 randa
570 836 763 926 sabater
757 857 826 924 y
830 836 892 902 de
908 819 1067 905 Tecla
1095 833 1312 935 defuncts

381 937 469 1010 Dit
483 939 557 1006 dia
575 918 749 1003 donare
762 918 950 996 llicentia
937 939 1101 1034 gratis
1114 955 1149 994 a
1170 909 1353 994 Arnau
1357 913 1482 1010 Costa
1491 915 1795 1017 escardassador
1802 909 1861 975 de
1870 906 2016 977 llana

395 1030 467 1099 del
471 1047 596 1123 regne
609 1035 666 1097 de
655 1026 846 1118 frança
866 1026 1067 1097 habitant
1073 1047 1132 1095 en
1146 1011 1234 1095 St
1214 1016 1346 1123 Cugat
1360 1033 1421 1090 de
1420 1016 1599 1090 Vallers
1605 1005 1681 1081 ab
1668 1009 1890 1102 francina
1896 1007 2053 1078 viuda

403 1126 462 1198 de
468 1108 588 1200 Pere
590 1117 756 1200 Duran
767 1143 909 1240 pages
898 1154 960 1212 y
968 1124 1023 1193 de
1024 1131 1074 1193 t

383 1222 549 1327 Dijous
558 1253 600 1296 a
628 1248 678 1301 4
696 1225 851 1301 rebere
852 1232 911 1296 de
918 1218 1142 1296 Lleonart
1158 1201 1346 1296 Lamich
1355 1215 1608 1308 clavatayre
1622 1208 1705 1287 del
1700 1225 1834 1310 regne
1838 1213 1897 1279 de
1896 1187 2043 1303 fraça

403 1311 603 1394 habitant
614 1344 681 1387 en
687 1309 782 1385 Sta
781 1316 943 1387 Maria
956 1316 1016 1385 de
1027 1295 1188 1385 Palau
1187 1316 1368 1380 tordera
1381 1311 1470 1380 ab
1476 1302 1749 1406 Maryanna
1756 1302 1897 1376 viuda
1906 1302 1968 1373 de
1976 1309 2021 1371 t

391 1417 603 1518 Mostoros
616 1424 848 1530 procurador
864 1419 923 1486 de
930 1386 1101 1488 Palau
1107 1424 1295 1486 tordera

381 1515 467 1598 Dit
478 1515 552 1586 dia
568 1506 724 1582 rebere
726 1525 785 1580 de
794 1506 952 1610 jaume
976 1497 1169 1608 Llosada
1187 1506 1382 1572 mercader
1386 1506 1446 1563 de
1454 1473 1603 1586 Bara
1590 1494 1722 1561 viudo
1731 1499 1795 1558 ab
1811 1489 2007 1558 Maria

383 1599 571 1699 donsella
590 1611 717 1696 filla
740 1616 790 1676 de
796 1585 936 1668 Pere
949 1583 1186 1696 Ballester
1187 1599 1412 1678 mercader
1416 1607 1472 1676 de
1493 1590 1630 1694 çafra
1641 1618 1708 1662 en
1714 1597 1766 1662 lo
1760 1607 1900 1699 regne
1913 1593 1989 1654 de

391 1710 571 1805 Castella
573 1738 639 1800 y
638 1714 693 1772 de
716 1710 916 1774 Simona
927 1698 1162 1802 defuncts

383 1801 464 1865 Dit
468 1801 538 1860 dia
548 1798 670 1863 rebere
678 1805 733 1863 de
728 1801 951 1891 francesch
964 1794 1119 1894 Gayrau
1105 1796 1255 1883 sastre
1268 1785 1323 1852 de
1327 1761 1478 1885 Berga
1495 1755 1655 1872 Bisbat
1663 1783 1713 1843 de
1715 1774 1843 1880 Urgell
1849 1761 2004 1843 habitat

401 1912 461 1955 en
462 1862 602 1970 Bara
587 1890 686 1975 fill
685 1893 738 1948 de
732 1875 915 1951 Andreu
932 1888 1112 1981 Gayrau
1125 1888 1312 1986 traginer
1327 1879 1503 1968 defunct
1490 1899 1550 1962 y
1563 1879 1609 1942 de
1606 1875 1772 1970 Joana
1794 1868 2058 1979 Margarida

401 1987 466 2049 ab
474 1976 729 2073 Hieronyma
739 1985 929 2080 donsella
932 1980 1067 2080 filla
1089 1982 1151 2049 de
1148 1956 1276 2077 Joa
1275 1963 1521 2060 Martinez
1506 1969 1670 2066 sastre
1687 1974 1739 2029 de
1756 1941 1897 2049 Bara
1894 1952 2045 2056 defuct

394 2105 448 2165 y
453 2083 520 2152 de
537 2090 584 2148 t

383 2153 613 2222 Divendres
628 2170 674 2211 a
692 2147 742 2209 5
753 2133 897 2204 rebere
909 2149 958 2204 de
946 2136 1083 2228 Joan
1073 2138 1235 2228 Jorda
1247 2136 1396 2226 mestre
1409 2136 1462 2198 de
1467 2142 1582 2228 cases
1601 2120 1818 2196 habitant
1824 2144 1884 2187 en
1901 2120 2058 2200 Caldes

394 2243 448 2301 de
462 2236 668 2325 Monbuy
678 2232 808 2303 viudo
834 2230 910 2299 ab
916 2216 1158 2301 Valentina
1175 2221 1373 2322 donsella
1365 2225 1503 2310 filla
1522 2227 1582 2292 de
1588 2199 1707 2288 Pere
1719 2221 1840 2318 Costa
1849 2225 1999 2322 pages

392 2341 448 2401 de
453 2304 722 2419 Balsareny
737 2317 881 2428 bisbat
891 2337 960 2404 de
957 2330 1081 2404 Vich
1073 2350 1137 2419 y
1154 2328 1208 2397 de
1232 2315 1516 2423 Magdalena
1531 2304 1741 2415 defuncts

374 2416 454 2478 Dit
458 2422 522 2480 dia
533 2416 670 2480 rebere
680 2424 736 2482 de
741 2400 853 2482 Pere
857 2420 999 2482 Serda
982 2429 1133 2509 sastre
1143 2429 1198 2484 de
1213 2409 1323 2484 Mas
1340 2414 1482 2509 bisbat
1488 2427 1539 2478 de
1540 2411 1675 2506 Urgell
1667 2407 1768 2491 fill
1771 2418 1829 2473 de
1821 2387 1936 2478 Pere
1944 2414 2088 2478 Serda

381 2514 520 2603 sastre
515 2540 579 2598 y
580 2516 638 2581 de
646 2516 840 2618 Sperasa
873 2508 944 2579 ab
961 2505 1210 2596 Maryanna
1218 2510 1407 2601 donsella
1406 2505 1534 2592 filla
1547 2501 1605 2566 de
1613 2492 1818 2590 Sebastia
1831 2492 2017 2561 Sendra

397 2604 575 2675 corredor
585 2611 636 2668 de
644 2613 729 2668 coll
741 2597 933 2692 defunct
921 2628 985 2690 y
998 2602 1060 2668 de
1082 2573 1276 2668 Eularia

358 2678 463 2758 Dit
469 2694 543 2754 dia
553 2678 693 2756 rebere
689 2685 754 2758 de
751 2698 919 2800 jaume
939 2698 1124 2786 Aguilar
1138 2711 1269 2795 pages
1282 2700 1337 2758 de
1350 2661 1500 2765 Bara
1483 2676 1593 2775 fill
1594 2687 1652 2747 de
1660 2678 1836 2786 Gaspar
1844 2678 2033 2782 Aguilar

394 2799 534 2887 pages
533 2807 590 2872 y
596 2790 649 2857 de
642 2785 817 2881 Joana
852 2779 922 2850 ab
939 2779 1126 2857 Maria
1141 2785 1291 2857 viuda
1309 2790 1373 2848 de
1377 2757 1496 2848 Pau
1504 2770 1630 2881 Cases
1626 2790 1795 2887 sastre
1815 2784 1870 2848 de
1887 2766 1979 2850 St

410 2882 604 2951 Sadorni
617 2884 686 2948 de
701 2871 761 2944 la
782 2862 958 2951 Rocha

374 2963 577 3069 Dissapte
601 2996 638 3036 a
642 2965 690 3036 6
694 2961 853 3038 rebere
864 2976 922 3032 de
932 2947 1044 3034 Pere
1059 2963 1187 3058 Costa
1200 2974 1330 3062 pages
1340 2967 1398 3025 de
1406 2932 1555 3036 Bara
1538 2952 1623 3036 fill
1624 2963 1675 3023 de
1683 2930 1795 3014 Pere
1808 2947 1927 3043 Costa
1919 2945 2074 3045 fuster

390 3057 575 3145 defunct
571 3081 631 3148 y
635 3053 697 3119 de
708 3037 892 3124 Eleonor
900 3055 978 3124 ab
980 3037 1162 3150 Angela
1177 3057 1362 3148 donsella
1361 3053 1500 3145 filla
1510 3046 1562 3119 de
1576 3037 1745 3154 Miquel
1758 3037 1888 3110 Sala
1901 3061 1988 3154 pa=

387 3169 532 3235 rayre
544 3147 722 3238 defunct
712 3169 779 3227 y
789 3147 845 3211 de
859 3140 1117 3231 Maryanna
1141 3147 1237 3207 tots
1254 3147 1316 3207 de
1329 3123 1480 3231 Bara

369 3221 459 3294 Dit
487 3228 559 3294 dia
576 3219 729 3285 rebere
744 3234 792 3290 de
796 3221 1031 3318 francesch
1041 3215 1144 3323 Gali
1161 3228 1328 3294 sabater
1334 3223 1387 3283 de
1399 3204 1532 3305 Bara
1520 3208 1636 3301 fill
1640 3206 1693 3272 de
1690 3171 1847 3294 frach
1833 3206 1947 3303 Gali
1926 3212 2009 3305 sa=

385 3315 506 3380 bater
505 3344 563 3401 y
567 3315 622 3380 de
639 3293 849 3408 Elisabeth
862 3306 1071 3415 defuncts
1068 3306 1146 3380 ab
1145 3306 1398 3404 Margarida
1411 3300 1593 3390 donsella
1592 3298 1713 3389 filla
1719 3306 1772 3373 de
1792 3298 1886 3389 Gili
1899 3291 2040 3373 Vadell

390 3411 620 3467 tavarner
630 3407 686 3467 de
705 3374 856 3487 Bara
852 3431 915 3480 y
930 3400 983 3463 de
1014 3407 1062 3458 t
1105 3385 1326 3487 defuncts
