2690 3794
363 224 599 351 Dimars
605 308 647 342 a
651 301 703 370 9
724 271 877 344 rebere
884 287 936 347 de
925 290 1057 375 Joan
1070 268 1190 351 Prat
1194 292 1418 380 retorsedor
1421 294 1478 354 de
1484 292 1624 351 llana
1632 297 1687 356 de
1695 290 1849 356 Caldes
1855 285 1909 344 de
1918 271 2043 349 Mon=

406 369 483 454 buy
486 364 584 457 fill
590 369 637 433 de
646 367 827 459 Guillem
828 346 972 433 Prats
983 376 1175 454 retorsedor
1182 379 1243 433 de
1250 362 1379 436 llana
1373 399 1435 457 y
1438 383 1493 443 de
1506 355 1650 436 Paula
1666 367 1750 436 ab
1746 357 1989 466 Miquela

394 467 584 557 donsella
588 463 735 555 filla
736 465 802 527 de
821 453 991 562 Guille
988 432 1180 534 Badia
1174 477 1316 562 pages
1327 463 1393 524 de
1402 460 1595 527 Sabadell
1611 460 1783 555 defunct
1792 484 1842 548 y
1831 458 1885 524 de
1879 423 2069 518 Paula

387 559 596 625 Dimecres
603 582 647 625 a
651 577 720 630 10
721 552 880 625 rebere
881 566 931 628 de
920 556 1035 660 Joa
1036 552 1253 660 Marques
1264 568 1391 656 pages
1397 554 1488 625 del
1480 575 1616 651 regne
1623 559 1682 620 de
1681 554 1846 653 frança
1865 545 2043 620 habitat

402 673 468 721 en
479 652 538 712 la
557 638 768 719 Llacuna
792 643 865 714 ab
874 629 1042 721 Paula
1046 645 1238 745 donsella
1237 652 1374 745 filla
1392 652 1449 721 de
1472 636 1575 714 Pere
1591 627 1762 716 Ricart
1768 659 1909 754 pages
1918 645 2009 707 de

394 729 710 850 Vilademaser
714 769 771 861 y
782 750 846 815 de
852 750 914 807 t

380 830 473 908 Dit
484 849 565 908 dia
576 832 722 908 rebere
736 842 795 903 de
792 804 921 901 Pau
920 825 1183 929 falgueres
1201 816 1450 913 matalafer
1463 802 1674 889 habitant
1683 835 1740 883 en
1758 788 1909 903 Bara
1899 809 2016 908 fill

397 938 453 999 de
465 919 647 999 Antoni
658 933 902 1032 falgueres
913 926 1178 1030 matalafer
1191 928 1248 995 de
1264 896 1456 985 Brions
1472 914 1621 1025 bisbat
1630 914 1687 981 de
1695 910 1878 1023 Girona
1882 935 1936 1002 y
1942 910 2016 974 de

404 1022 645 1098 Catherina
666 1022 877 1126 defuncts
893 1024 969 1095 ab
983 1010 1205 1133 Elisabeth
1206 1003 1350 1095 Anna
1371 1020 1570 1119 donsella
1555 1017 1704 1116 filla
1712 1020 1774 1088 de
1785 994 2045 1102 Hieronym

387 1111 560 1240 Papiol
569 1129 834 1236 matalafer
811 1155 885 1222 y
908 1129 969 1203 de
973 1123 1234 1215 Maryanna
1250 1120 1359 1191 tots
1366 1127 1420 1194 de
1429 1101 1602 1222 Bara

392 1230 485 1306 Dit
496 1233 575 1299 dia
595 1221 742 1301 rebere
755 1237 819 1297 de
833 1202 1042 1301 Bernat
1048 1195 1313 1325 Broquetes
1322 1233 1519 1322 parayre
1533 1214 1592 1278 de
1601 1207 1892 1316 Sparaguera
1882 1202 1996 1297 fill

406 1333 463 1393 de
460 1305 584 1390 Pere
588 1321 730 1418 Joan
741 1296 996 1421 Broquetes
995 1345 1207 1435 parayre
1225 1317 1413 1411 defunct
1404 1338 1483 1402 y
1487 1312 1548 1381 de
1567 1289 1793 1418 Elisabeth
1802 1307 1871 1374 ab
1867 1279 2045 1369 Paula

397 1417 604 1519 donsella
605 1415 732 1519 filla
755 1427 814 1491 de
828 1413 1015 1528 Miquel
1034 1408 1304 1519 Valpalleres
1315 1415 1553 1514 retorsedor
1567 1417 1621 1481 de
1627 1406 1774 1474 llana
1768 1429 1832 1493 y
1845 1399 1904 1467 de
1933 1406 1980 1470 t

397 1522 640 1624 defuncta
653 1522 749 1584 tots
755 1518 814 1587 de
828 1520 955 1587 dita
966 1516 1086 1587 vila

377 1609 483 1692 Dit
489 1607 567 1683 dia
583 1602 737 1685 rebere
751 1616 810 1680 de
811 1583 945 1676 Pere
964 1593 1219 1711 Marques
1189 1593 1357 1680 sastre
1366 1593 1427 1655 de
1450 1569 1684 1678 Manresa
1686 1569 1888 1643 habitant
1891 1583 2009 1641 en

397 1686 560 1786 Bara
537 1705 647 1800 fill
649 1712 715 1774 de
709 1691 839 1774 Pere
855 1698 1078 1774 Marques
1070 1703 1224 1797 sastre
1218 1719 1284 1786 y
1286 1696 1340 1765 de
1363 1682 1541 1762 Eleonor
1550 1686 1757 1786 defuncts
1778 1675 1856 1753 ab
1855 1672 2019 1746 Cathe=

394 1799 509 1868 rina
520 1799 737 1884 donsella
738 1794 875 1893 filla
876 1794 933 1858 de
927 1799 1061 1900 Joan
1085 1787 1280 1865 Morera
1298 1785 1563 1886 assahonador
1579 1787 1638 1851 de
1637 1778 1885 1882 Manresa
1908 1764 2043 1863 defuct

373 1927 441 1984 y
448 1901 509 1970 de
525 1876 718 1961 Eularia

368 1993 473 2066 Dit
482 1995 560 2055 dia
561 1967 722 2057 rebere
736 1983 798 2043 de
795 1956 899 2040 mr
898 1930 1255 2038 Bonaventura
1279 1923 1454 2024 Barlet
1465 1946 1662 2055 cilurgia
1673 1939 1737 2017 de
1746 1918 1929 2036 Bara
1913 1937 2016 2043 fill

399 2084 456 2155 de
448 2082 591 2188 Joan
607 2047 798 2146 Barlet
809 2070 967 2172 fuster
997 2079 1057 2144 de
1068 2047 1166 2134 Sta
1170 2044 1343 2122 Maria
1366 2051 1430 2125 de
1421 2011 1597 2125 Palau
1601 2047 1779 2118 tordera
1785 2035 1999 2141 defunct

373 2208 441 2270 y
452 2185 512 2244 de
506 2175 798 2286 Margarida
821 2166 885 2235 ab
891 2161 943 2228 la
952 2144 1049 2229 Sra
1043 2138 1219 2242 Angela
1235 2152 1427 2242 donsella
1431 2145 1556 2244 filla
1577 2150 1633 2216 del
1649 2119 1730 2207 Sr
1688 2143 1822 2242 Joan
1836 2136 2004 2247 çapila

406 2269 570 2338 ciuteda
581 2262 732 2333 honrat
736 2266 795 2328 de
809 2229 969 2335 Bara
959 2274 1013 2340 y
1024 2264 1076 2321 de
1085 2252 1134 2324 la
1141 2239 1262 2326 Sra
1259 2250 1427 2317 Cecilia

387 2348 529 2436 Dijous
544 2379 587 2417 a
598 2372 642 2420 11
646 2346 778 2415 rebere
799 2356 848 2413 de
835 2353 965 2445 Joan
978 2316 1112 2410 Bali
1119 2337 1267 2406 hortola
1281 2346 1359 2406 del
1356 2358 1481 2434 regne
1487 2339 1539 2396 de
1530 2332 1704 2424 frança
1719 2325 1904 2391 habitant
1911 2339 2009 2385 en

402 2419 538 2525 Bara
544 2442 608 2506 ab
610 2426 822 2532 Elisabeth
835 2435 1020 2527 donsella
1024 2430 1146 2525 filla
1162 2430 1217 2497 de
1235 2428 1386 2492 Antoni
1385 2421 1546 2520 Juells
1560 2430 1699 2490 corder
1705 2416 1766 2487 de
1768 2386 1929 2509 Bara
1906 2428 1980 2504 y

402 2536 463 2609 de
479 2519 664 2597 Eularia
690 2531 919 2626 defuncta

390 2613 618 2696 Divendres
629 2648 672 2691 a
688 2631 754 2691 12
780 2606 931 2679 rebere
944 2611 996 2672 de
1014 2589 1190 2703 Miquel
1218 2603 1384 2670 Strada
1380 2606 1527 2708 pages
1538 2594 1595 2665 de
1603 2587 1863 2658 Martorell
1848 2587 1972 2696 fill

409 2723 463 2780 de
467 2688 591 2782 Pere
607 2699 790 2778 Strada
794 2718 938 2813 pages
932 2730 991 2799 y
1014 2709 1069 2768 de
1080 2695 1333 2768 Catherina
1354 2695 1561 2794 defuncts
1572 2688 1653 2759 ab
1637 2692 1868 2796 francisca
1882 2676 1984 2750 don=

397 2807 536 2909 sella
542 2803 681 2895 filla
714 2803 768 2871 de
765 2803 914 2916 Joan
930 2774 1064 2871 Petit
1051 2805 1214 2897 sastre
1211 2821 1280 2885 y
1286 2803 1347 2864 de
1361 2779 1570 2864 Eularia
1577 2786 1808 2895 defuncta
1816 2786 1924 2855 tots
1935 2784 1999 2848 de

423 2896 676 2979 Martorell

406 2978 498 3064 Dit
504 2989 590 3059 dia
595 2978 755 3049 rebere
763 2979 827 3047 de
832 2952 1017 3044 Antoni
1027 2932 1173 3036 Bru
1178 2981 1394 3078 parayre
1407 2958 1472 3030 de
1477 2949 1779 3072 Sparaguera
1764 2935 1879 3044 fill
1873 2949 1988 3016 de

388 3072 547 3178 Joan
539 3032 690 3141 Bru
691 3072 894 3174 parayre
877 3086 957 3158 y
970 3055 1041 3141 de
1024 3051 1221 3175 Joana
1229 3043 1474 3161 defuncts
1498 3041 1579 3129 ab
1577 3027 1733 3131 Anna
1732 3034 1981 3151 donsella

393 3168 534 3262 filla
552 3163 620 3231 de
618 3160 767 3270 Joan
776 3154 1019 3236 Cavardos
1015 3163 1181 3268 pages
1183 3159 1251 3230 de
1250 3134 1450 3234 Vinacet
1453 3123 1610 3254 bisbat
1625 3143 1699 3219 de
1706 3133 1892 3254 Lleyda
1897 3105 2060 3236 defuct

397 3282 470 3356 y
470 3262 548 3339 de
546 3225 844 3339 Bernarda
