2690 3794
331 282 543 442 Dijous
567 370 601 409 a
633 361 675 417 4
715 339 870 415 rebere
877 348 927 412 de
959 345 1149 456 Miquel
1176 348 1330 450 Gomar
1346 364 1533 420 mariner
1560 364 1621 425 de
1620 348 1851 434 Vilanova
1867 361 1925 428 de

400 441 601 511 Cubellas
606 441 711 543 fill
726 446 777 508 de
767 433 903 546 Jua
927 439 1093 545 Gomar
1094 452 1311 560 pescador
1310 479 1369 538 y
1384 468 1437 519 de
1461 441 1646 524 Eularia
1661 460 1873 541 defuncts
1885 453 1956 521 ab

389 529 664 631 Hieronyma
682 542 862 642 donsella
863 545 977 631 filla
992 551 1032 609 de
1031 534 1163 642 Jua
1184 523 1355 634 Rossell
1357 562 1495 653 pages
1510 556 1561 617 de
1579 553 1670 615 dita
1678 553 1780 615 vila
1787 581 1843 639 y
1850 555 1921 615 de

402 630 681 741 Hieronyma

373 748 622 838 Divendres
643 788 682 828 a
711 775 759 828 5
773 741 936 821 rebere
946 758 1007 817 de
1021 726 1118 821 Pau
1132 754 1272 845 janer
1290 775 1479 855 parayre
1508 750 1560 815 de
1579 739 1755 845 Aulesa
1764 765 1817 815 de
1833 735 1943 821 Mot=

373 861 541 967 serrat
540 863 646 960 fill
660 867 710 930 de
737 854 911 932 Antoni
923 869 1063 954 janer
1070 878 1219 969 pages
1218 891 1276 952 y
1288 861 1340 924 de
1363 846 1548 926 Eularia
1572 852 1810 949 defuncta
1837 848 1919 919 ab

384 946 650 1063 Maryanna
673 965 832 1065 dosella
841 965 973 1063 filla
985 968 1037 1031 de
1032 963 1150 1061 Jua
1164 940 1289 1031 Bas
1299 976 1436 1061 pages
1446 968 1494 1024 de
1525 953 1620 1026 dita
1640 963 1763 1026 vila
1758 989 1819 1048 y
1831 961 1915 1026 de

384 1055 562 1135 Eleonor

379 1156 463 1237 dit
472 1167 570 1233 dia
580 1149 718 1229 rebere
736 1160 794 1224 de
808 1145 1013 1224 Matheu
1035 1154 1169 1258 Gasco
1196 1160 1378 1226 moliner
1384 1167 1448 1222 de
1453 1145 1655 1248 frança
1672 1139 1918 1220 habitant

377 1287 433 1332 en
459 1268 515 1330 la
544 1234 701 1332 Rocha
724 1255 795 1326 ab
816 1247 1093 1361 Margarida
1118 1251 1285 1353 dosella
1299 1253 1433 1349 filla
1453 1259 1505 1322 de
1521 1236 1640 1328 Pere
1668 1238 1885 1361 Clapes

377 1371 564 1469 parayre
584 1360 636 1427 de
649 1359 827 1467 Castell
835 1367 960 1429 terçol
989 1350 1140 1471 bisbat
1154 1356 1207 1423 de
1238 1341 1361 1425 Vich
1369 1388 1425 1446 y
1434 1360 1488 1425 de
1487 1359 1669 1465 Joana

377 1464 454 1541 dit
466 1470 568 1541 dia
588 1464 749 1539 rebere
757 1477 809 1539 de
831 1430 1005 1537 Antoni
1035 1439 1203 1541 Boter
1215 1485 1355 1577 pages
1360 1483 1427 1541 de
1434 1464 1657 1598 Ripollet
1656 1477 1773 1572 fill
1795 1481 1895 1551 de

375 1565 564 1678 Hierony
592 1548 756 1651 Boter
770 1567 929 1687 pages
900 1614 960 1678 y
974 1584 1032 1651 de
1052 1576 1330 1678 Hieronyma
1358 1582 1578 1678 defuncts
1584 1578 1665 1655 ab
1668 1578 1937 1687 Hieronyma

367 1696 515 1758 viuda
535 1694 598 1762 de
607 1667 747 1762 Pere
788 1667 1009 1758 Rexach
1016 1709 1152 1798 pages
1174 1694 1228 1762 de
1265 1675 1526 1762 Martorell

363 1783 432 1869 dit
451 1793 516 1864 dia
538 1790 677 1867 rebere
691 1793 745 1862 de
712 1771 859 1868 Pau
877 1804 1111 1882 Carreres
1126 1810 1291 1877 texidor
1300 1810 1349 1872 de
1366 1803 1432 1872 lli
1441 1803 1498 1875 de
1510 1793 1591 1872 St
1593 1798 1730 1867 Celoni
1727 1795 1849 1900 fill
1861 1800 1925 1867 de

353 1889 524 1981 Antich
540 1900 768 1978 Carreras
762 1911 996 2014 retorsedor
1015 1906 1071 1973 de
1080 1909 1210 1976 llana
1199 1939 1266 2001 y
1267 1917 1324 1978 de
1307 1908 1495 2005 Juana
1517 1906 1723 1996 defuncts
1732 1904 1808 1973 ab
1780 1909 1950 2006 Joana

353 2007 556 2110 donsella
575 2007 700 2102 filla
712 2018 771 2082 de
792 2013 1012 2118 Sebastia
1028 2004 1273 2115 Esmandra
1303 2015 1473 2082 texidor
1484 2018 1533 2084 de
1550 2010 1609 2077 lli
1593 2043 1655 2107 y
1661 2020 1723 2084 de
1742 2007 1925 2084 Eleonor

348 2109 571 2206 defuncta

350 2207 426 2281 dit
435 2209 503 2279 dia
525 2197 689 2279 rebere
705 2211 766 2274 de
775 2181 968 2283 Ramo
982 2169 1135 2311 Pastor
1149 2203 1351 2306 traginer
1369 2207 1428 2270 de
1427 2177 1599 2294 Bara
1589 2203 1701 2298 fill
1717 2207 1778 2268 de
1765 2176 1927 2321 jaue

348 2284 515 2413 Pastor
525 2323 678 2428 pages
670 2342 727 2407 y
747 2314 802 2384 de
818 2293 1022 2422 Angela
1042 2312 1276 2415 defuncts
1269 2314 1334 2381 ab
1341 2316 1486 2379 Candia
1497 2316 1659 2418 dosella
1655 2308 1783 2415 filla
1801 2314 1877 2373 de

341 2397 631 2495 Barthomeu
662 2404 770 2507 Moy
790 2427 1000 2524 traginer
1021 2421 1084 2484 de
1094 2393 1263 2514 Bara
1228 2449 1295 2524 y
1314 2430 1376 2492 de
1420 2431 1464 2486 t

352 2526 436 2610 dit
459 2530 539 2597 dia
551 2515 703 2595 rebere
720 2530 770 2595 de
784 2521 994 2601 Climent
1010 2515 1180 2599 Llobet
1181 2532 1488 2640 passamaner
1491 2519 1635 2591 viudo
1649 2528 1712 2588 de
1730 2498 1909 2616 Bara

346 2630 417 2695 ab
440 2609 744 2728 Magdalena
752 2615 894 2695 viuda
910 2628 968 2698 de
970 2598 1261 2704 Barthomeu
1277 2615 1456 2708 Noves
1463 2626 1682 2728 batifuller
1687 2634 1802 2706 mori
1801 2654 1851 2698 en
1846 2628 1953 2721 bara

320 2724 573 2847 Dissapte
591 2758 635 2802 a
658 2705 755 2802 6
728 2720 889 2796 rebere
912 2746 975 2800 del
1006 2710 1112 2804 Sr
1085 2729 1293 2827 franco
1290 2733 1421 2804 Sella
1414 2763 1471 2828 y
1474 2746 1541 2809 de
1549 2731 1652 2815 Eril
1663 2733 1839 2841 donsell
1828 2763 1906 2809 en

352 2825 477 2931 bara
500 2823 746 2903 domiciliat
752 2823 902 2922 fill#
921 2836 979 2901 de
972 2831 1101 2950 Jua
1123 2838 1261 2909 Sella
1268 2831 1421 2941 dosell
1433 2836 1609 2931 defunct
1611 2867 1667 2931 y
1677 2840 1736 2903 de
1747 2838 1812 2903 la
1816 2823 1932 2901 Sra

341 2932 445 3001 dona
470 2921 667 2997 Marina
692 2930 842 2997 Sella
829 2961 894 3031 y
901 2947 962 3003 de
991 2927 1105 3005 Erill
1119 2943 1188 3005 ab
1202 2949 1261 3012 la
1273 2932 1394 3012 Sra
1374 2934 1663 3042 Magdalena
1683 2917 1913 2992 Heredia

326 3032 490 3097 viuda
506 3032 565 3095 de
585 3019 823 3125 Hieronym
858 3004 1082 3097 Heredia
1099 3033 1248 3141 dosell
1254 3060 1315 3106 en
1341 3028 1558 3146 Tortosa
1570 3047 1789 3151 populat

331 3120 409 3198 dit
423 3133 513 3195 dia
525 3111 686 3198 rebere
702 3134 761 3194 de
767 3124 943 3232 jaume
938 3113 1174 3211 Montells
1186 3147 1398 3208 mariner
1406 3150 1466 3211 de
1480 3120 1654 3234 Bara
1651 3128 1774 3232 fill
1799 3141 1866 3202 de

309 3199 509 3309 franch
534 3212 772 3294 Montells
784 3231 981 3290 corredor
997 3229 1047 3292 de
1164 3237 1293 3296 orella
1314 3229 1513 3328 defunct
1506 3263 1569 3326 y
1579 3239 1640 3302 de
1673 3214 1855 3304 Anna

324 3323 387 3392 ab
410 3316 571 3386 Maria
589 3316 768 3422 dosella
765 3316 911 3418 filla
918 3333 973 3390 de
948 3306 1097 3435 Jua
1074 3316 1223 3433 Illa
1230 3344 1426 3401 mariner
1442 3336 1509 3407 de
1515 3295 1693 3428 Bara
1655 3361 1729 3433 y
1741 3325 1832 3401 de
303 3410 481 3516 Julita
508 3400 776 3505 defuncts
