2690 3794
369 261 498 358 Al
493 276 586 387 pr
579 295 631 362 de
636 297 705 366 dit
718 274 858 354 rebere
869 292 920 358 de
939 288 1091 362 Llorens
1105 294 1240 376 Soler
1252 305 1414 374 #
1418 295 1623 372 llibrater
1636 292 1839 370 habitant
1845 317 1942 370 en

391 367 547 465 Bara
542 380 644 467 fill
653 380 711 447 de
722 375 895 472 Llatser
908 384 1042 451 Soler
1043 392 1208 467 mestre
1215 386 1267 449 de
1270 384 1385 472 cases
1401 377 1457 451 de
1470 386 1725 490 Granollers
1708 419 1766 482 y
1771 394 1829 463 de
1843 373 1977 457 Mot=

377 481 592 579 serrada
604 473 817 565 defuncts
832 471 901 544 ab
910 468 1167 546 Marianna
1174 477 1310 542 viuda
1323 473 1385 546 de
1381 466 1560 548 Antoni
1565 479 1619 546 de
1632 470 1752 546 Mur
1761 479 1942 563 official

403 568 513 642 real
520 572 592 639 de
604 553 760 656 Bara

393 651 462 732 dit
473 659 551 728 dia
565 646 727 724 rebere
745 649 793 714 de
790 628 901 739 Jua
915 626 1052 735 Luys
1060 630 1212 710 Callas
1217 640 1353 712 viudo
1362 655 1564 743 parayre
1577 646 1633 708 de
1642 611 1821 728 Bara
1830 620 1942 710 ab

405 738 662 811 Marianna
687 731 877 844 donsella
884 738 1007 826 filla
1019 740 1071 797 de
1086 709 1283 807 Bernat
1299 727 1494 830 Terinya
1489 733 1647 826 sastre
1663 731 1723 795 de
1730 706 1895 820 Bara
1877 748 1932 818 y

403 839 455 908 de
471 833 736 933 Hieronyma
755 831 969 923 defuncts

397 930 466 1012 dit
477 934 558 1004 dia
569 924 723 1004 rebere
740 934 797 998 de
792 918 903 1022 Jua
912 916 1153 991 Alavedra
1156 934 1349 1024 parayre
1364 922 1416 987 de
1421 916 1603 991 Abrera
1593 912 1711 1004 fill
1712 916 1764 985 de
1767 912 1938 1018 Juan

401 1019 617 1087 Alavedra
626 1034 766 1122 pages
765 1042 824 1109 y
835 1021 887 1087 de
884 1015 1136 1105 francina
1151 1007 1230 1082 ab
1229 997 1400 1078 Eularia
1417 1017 1613 1113 donsella
1614 1011 1739 1103 filla
1743 1011 1799 1082 de
1806 994 1977 1080 Antoni

389 1106 504 1213 Jua
520 1096 674 1204 Bassa
685 1129 811 1215 pages
810 1133 862 1200 y
869 1110 928 1182 de
945 1100 1222 1202 Hieronyma
1233 1113 1455 1200 defuncta
1466 1108 1576 1192 tots
1595 1115 1652 1180 de
1657 1104 1846 1188 Abrera

399 1203 456 1275 dit
461 1208 523 1273 dia
542 1201 678 1279 rebere
688 1214 738 1273 de
730 1201 862 1306 Juan
880 1203 1034 1279 Dexen
1043 1216 1169 1316 pages
1184 1214 1228 1279 de
1219 1206 1402 1306 fransa
1417 1204 1615 1281 habitant
1624 1230 1690 1275 en
1699 1187 1862 1290 Bara
1857 1201 1932 1275 ab

387 1282 537 1374 Anna
559 1293 701 1370 Moles
706 1301 848 1362 viuda
863 1299 922 1366 de
918 1299 1048 1389 Juan
1070 1286 1214 1366 Moles
1225 1311 1349 1397 pages

393 1382 456 1453 dit
464 1384 541 1453 dia
551 1374 703 1455 rebere
714 1392 766 1455 de
765 1382 909 1478 Juan
925 1390 977 1455 de
994 1382 1054 1453 La
1066 1396 1187 1447 torra
1201 1400 1365 1474 tapiner
1375 1384 1449 1451 del
1448 1394 1582 1478 regne
1593 1384 1647 1445 de
1646 1361 1796 1472 Arago
1804 1351 1974 1440 habitat

385 1500 449 1551 en
458 1460 601 1565 Bara
606 1475 676 1540 ab
683 1477 834 1544 Maria
849 1475 1017 1563 donsella
1017 1467 1132 1556 filla
1135 1473 1189 1534 de
1200 1456 1373 1536 Bernat
1378 1469 1529 1530 Sirera
1534 1475 1655 1558 pages
1661 1469 1711 1528 de
1716 1450 1962 1542 Vilafranca

391 1566 441 1625 de
440 1547 639 1627 Panaders
634 1572 688 1637 y
702 1560 748 1621 de
777 1568 813 1616 t

391 1645 462 1716 dit
467 1651 541 1714 dia
557 1636 703 1716 rebere
714 1645 766 1708 de
761 1632 873 1734 Jua
878 1628 1067 1710 Oliveres
1070 1643 1195 1741 pages
1203 1636 1257 1697 de
1268 1617 1402 1722 Llissa
1409 1613 1592 1695 demunt
1591 1620 1725 1693 viudo
1726 1610 1799 1689 ab
1800 1613 1968 1691 Maria

383 1727 574 1828 donsella
587 1733 707 1820 filla
720 1734 774 1799 de
765 1727 911 1826 Juan
908 1701 1087 1797 Pruna
1096 1728 1240 1830 pages
1237 1717 1318 1789 del
1299 1719 1416 1824 far
1401 1738 1461 1805 y
1481 1723 1531 1787 de
1552 1692 1748 1784 Beneta

377 1818 559 1901 Dilluns
574 1859 617 1899 a
630 1838 703 1903 2
710 1818 864 1899 rebere
882 1838 935 1901 de
956 1820 1098 1927 Luys
1112 1826 1258 1899 Mari
1262 1824 1447 1933 pescador
1455 1826 1510 1887 de
1516 1792 1673 1897 Bara
1661 1806 1764 1894 fill
1772 1808 1832 1876 de
1817 1766 2013 1906 franch

388 1925 532 1995 Mari
537 1928 722 2035 pescador
718 1953 780 2021 y
795 1925 853 1997 de
880 1918 1206 2018 Montserrada
1221 1918 1297 1995 ab
1275 1919 1421 2019 Jolita
1430 1912 1603 2004 donsella
1601 1905 1725 1993 filla
1738 1912 1788 1981 de
1797 1891 1929 1972 Pere

395 2018 561 2090 Colomer
580 2022 823 2083 treballador
829 2022 885 2085 de
897 1992 1059 2097 Bara
1049 2043 1104 2104 y
1106 2022 1163 2083 de
1187 2010 1451 2110 Magdalena
1470 2013 1660 2094 defuncts

383 2107 452 2186 dit
451 2110 527 2181 dia
530 2103 674 2184 rebere
684 2121 736 2186 de
727 2112 898 2211 Jaume
906 2100 1084 2218 Arquer
1087 2135 1218 2221 pages
1232 2114 1320 2189 del
1318 2134 1446 2211 regne
1464 2112 1519 2186 de
1520 2102 1689 2205 fransa
1704 2093 1935 2172 habitant

381 2233 445 2276 en
462 2183 608 2290 Bara
612 2210 679 2272 ab
696 2201 973 2294 Margarida
986 2203 1139 2274 viuda
1158 2210 1213 2269 de
1221 2181 1340 2269 Pere
1355 2195 1487 2274 Cortes
1498 2222 1630 2304 pages
1651 2201 1711 2271 de
1726 2176 1897 2292 Bara

372 2298 513 2410 Dijous
526 2330 557 2372 a
580 2323 620 2372 5
623 2294 762 2377 rebere
770 2314 817 2377 de
814 2314 944 2402 Juan
954 2298 1136 2368 Morral
1133 2321 1259 2405 pages
1271 2307 1322 2363 de
1335 2280 1482 2363 Ebrera
1468 2302 1571 2386 fill
1577 2305 1634 2368 de
1624 2305 1763 2396 Juan
1772 2293 1958 2370 Morral

379 2388 525 2508 pages
540 2397 717 2483 defunct
700 2420 765 2481 y
777 2395 831 2462 de
850 2381 1036 2458 Eularia
1062 2390 1129 2455 ab
1137 2383 1401 2476 Hieronyma
1407 2390 1589 2479 donsella
1575 2390 1727 2478 filla
1738 2388 1784 2455 de
1792 2383 1965 2483 Llauger

370 2484 645 2598 Puiguentos
662 2510 792 2602 pages
811 2496 869 2564 de
886 2486 1046 2580 Aulesa
1063 2486 1116 2552 de
1128 2471 1394 2573 Montserrat
1378 2503 1442 2573 y
1448 2493 1501 2554 de
1525 2471 1729 2588 Elisabeth

374 2599 588 2667 Divendres
605 2620 647 2662 a
660 2588 710 2664 6
725 2583 858 2655 rebere
861 2595 912 2658 de
925 2578 1106 2651 Bernat
1113 2576 1340 2683 Glandina
1337 2601 1478 2687 pages
1495 2585 1569 2649 del
1568 2603 1702 2678 regne
1711 2579 1770 2648 de
1762 2576 1952 2671 fransa

383 2686 579 2757 habitant
589 2710 645 2759 en
664 2684 792 2777 Gava
800 2684 871 2750 ab
879 2670 1089 2768 Elisabeth
1092 2689 1243 2752 viuda
1257 2691 1317 2750 de
1335 2664 1489 2782 Guille
1496 2671 1671 2775 Guinot
1669 2686 1807 2772 pages

374 2783 441 2848 dit
451 2781 532 2849 dia
542 2776 686 2853 rebere
687 2788 758 2848 del
764 2771 831 2848 Sr
830 2772 1000 2872 Gregori
1006 2790 1057 2844 de
1063 2777 1352 2839 Salamanca
1355 2769 1490 2835 doctor
1498 2795 1560 2832 en
1561 2771 1772 2832 medicina
1779 2763 1963 2833 natural

370 2882 450 2945 de#
456 2894 532 2941 #
539 2871 765 2970 Monistrol
779 2868 835 2933 de
861 2862 1136 2964 Montserrat
1162 2857 1365 2933 habitant
1377 2880 1431 2933 en
1454 2864 1603 2934 Caldes
1615 2862 1671 2931 de
1685 2850 1875 2936 Monbuy
1876 2848 2010 2920 viudo

377 2969 443 3032 ab
451 2967 679 3065 Speransa
698 2960 891 3060 donsella
897 2967 1027 3055 filla
1040 2958 1096 3023 de
1110 2949 1279 3026 Antich
1291 2953 1440 3063 Gibert
1452 2963 1654 3023 candaler
1667 2953 1718 3019 de
1726 2963 1829 3012 cera
1844 2955 1918 3010 de

379 3054 540 3131 Caldes
551 3062 606 3122 de
637 3050 833 3141 Monbuy
825 3080 881 3141 y
904 3054 959 3127 de
974 3043 1161 3159 Angela
1176 3046 1394 3136 defuncts
