2690 3794
435 257 559 350 dijous
571 276 605 317 a
621 270 702 328 28
721 254 847 323 rebere
857 259 907 321 de
906 271 1048 354 jaume
1060 260 1216 345 frexes
1226 263 1391 324 baxador
1403 265 1450 320 de
1468 252 1646 354 Terrassa
1650 259 1744 342 fill
1751 268 1800 324 de
1805 270 1967 339 jaume

428 349 580 428 frexes
585 355 760 416 baxador
754 382 812 438 y
818 349 879 417 de
903 346 1137 446 Guilleuma
1166 342 1235 411 ab
1248 331 1428 408 Eularia
1432 339 1589 430 donsella
1590 355 1716 430 filla
1740 344 1782 406 de
1797 336 1941 413 Arcis

444 445 632 541 Guitart
648 434 828 510 baxador
838 445 1010 526 defunct
1017 468 1056 548 y
1060 449 1118 501 de
1137 434 1398 534 Margarida
1428 435 1526 496 tots
1533 442 1596 496 de
1601 434 1708 499 dita
1710 421 1830 496 vila

446 540 504 607 dit
506 546 587 609 dia
590 535 736 610 rebere
742 546 796 607 de
808 521 913 607 Pau
919 528 1070 602 Arbos
1079 540 1361 634 assahonador
1375 541 1434 593 de
1438 502 1594 618 Bara
1587 530 1691 620 fill
1699 528 1744 590 de
1748 509 1844 623 jua
1854 495 1996 583 Arbos

441 627 638 707 barrater
642 661 682 732 y
691 639 749 705 de
765 625 1059 728 Maryangela
1082 623 1146 696 ab
1167 612 1372 722 Elisabeth
1394 617 1586 716 donsella
1579 606 1705 713 filla
1728 609 1785 678 de
1775 574 1963 711 franch

430 728 641 809 Torrent
650 729 863 796 candaler
875 734 933 795 de
909 731 1021 823 seu
1014 744 1083 811 y
1087 725 1148 792 de
1167 710 1452 816 Margarida
1465 710 1691 800 defuncta

433 825 494 887 dit
507 820 575 884 dia
593 798 740 882 rebere
751 825 799 884 de
800 820 925 907 Juan
939 802 1057 880 Pons
1080 825 1199 918 pages
1224 813 1298 880 del
1308 839 1436 906 regne
1463 817 1511 880 de
1510 805 1701 907 fransa
1719 797 1923 870 habitant
1924 828 1993 869 en

429 900 582 1001 Bara
584 903 657 987 ab
666 910 899 975 Catherina
907 910 1060 979 viuda
1071 906 1123 968 de
1144 895 1289 995 Esteve
1307 900 1469 995 Vinyar
1468 910 1626 1009 sastre
1658 908 1708 965 de
1722 856 1889 980 Bara

425 1003 487 1073 dit
489 1008 567 1070 dia
581 994 719 1068 rebere
723 1006 772 1072 de
788 989 941 1070 Arnau
956 979 1164 1100 Basorda
1181 988 1341 1067 hortola
1361 996 1431 1067 del
1434 1020 1559 1092 regne
1578 1001 1623 1061 de
1620 998 1794 1089 fransa
1809 967 1976 1058 habitat

430 1113 486 1163 en
513 1071 658 1182 Bara
662 1089 736 1164 ab
749 1094 979 1168 Catherina
1000 1099 1213 1199 donsella
1212 1094 1348 1193 filla
1361 1094 1421 1163 de
1434 1072 1545 1161 Pere
1571 1074 1786 1180 Espanyol
1783 1079 1974 1146 moliner

430 1208 480 1270 de
503 1167 655 1275 Bara
650 1216 692 1300 y
705 1192 767 1263 de
767 1192 923 1293 joana
944 1184 1162 1283 defuncts

429 1285 499 1361 dit
501 1285 573 1356 dia
593 1279 738 1358 rebere
752 1302 802 1361 de
827 1289 1030 1359 Salvador
1041 1285 1194 1349 Cellent
1202 1284 1298 1386 jove
1314 1277 1508 1381 cilurgia
1515 1277 1581 1346 de
1585 1252 1728 1366 Bara
1717 1277 1847 1336 viudo
1859 1255 1945 1330 ab

429 1375 599 1483 dionysa
608 1387 774 1449 viuda
786 1377 847 1442 de
857 1365 1031 1442 Antoni
1052 1372 1308 1478 Campderos
1310 1373 1609 1476 assahonador
1624 1368 1689 1433 de
1695 1329 1859 1455 Bara

423 1472 494 1547 dit
513 1485 573 1547 dia
589 1470 719 1547 rebere
725 1475 774 1540 de
783 1460 886 1547 Pere
901 1472 1094 1572 Guardia
1102 1492 1255 1544 mercer
1275 1468 1328 1535 de
1319 1472 1486 1567 fransa
1503 1463 1711 1537 habitant
1714 1489 1781 1532 en
1790 1439 1949 1556 Bara
1934 1470 1999 1540 ab

425 1570 597 1638 Victoria
605 1577 735 1632 viuda
752 1573 809 1637 de
939 1553 1114 1638 Rocha
1129 1585 1259 1667 pages
1271 1577 1330 1643 de
1340 1549 1503 1654 Bara

425 1659 589 1759 dissapte
595 1683 633 1725 a
650 1664 716 1735 30
739 1653 875 1733 rebere
891 1663 947 1728 de
935 1664 1170 1760 francesch
1188 1646 1341 1762 Pujalt
1342 1688 1462 1769 pages
1481 1680 1526 1733 de
1541 1659 1686 1759 Llissa
1697 1656 1871 1733 demunt
1856 1658 1977 1757 fill

432 1764 477 1830 de
474 1752 724 1855 francesch
747 1742 902 1853 Pujalt
912 1774 1038 1858 pages
1054 1783 1092 1865 y
1102 1758 1152 1828 de
1178 1758 1457 1857 Mariangela
1471 1759 1665 1847 defuncts
1692 1754 1754 1821 ab
1764 1742 1989 1814 marian=

408 1866 523 1963 gela
544 1856 741 1951 donsella
749 1856 882 1950 filla
891 1851 943 1919 de
952 1852 1081 1948 Juan
1090 1824 1242 1948 Bosch
1222 1851 1416 1946 sabater
1430 1847 1486 1921 de
1510 1839 1647 1936 Moya
1659 1820 1798 1929 defuct
1776 1869 1840 1940 y
1836 1844 1894 1911 de
1876 1840 2025 1951 joana
