2690 3794
384 324 599 406 Dimecres
621 355 650 392 a
672 343 739 406 14
758 323 899 390 rebere
918 330 966 387 de
982 313 1210 404 Hyacinto
1235 311 1384 383 Marti
1397 328 1568 409 traginer
1584 326 1636 389 de
1641 323 1766 383 #
1775 307 1954 378 Odena

408 418 548 524 bisbat
567 427 618 484 de
623 415 724 484 Vich
742 412 940 479 habitant
953 434 1022 471 en
1033 396 1189 493 Bara
1179 408 1278 494 fill
1300 408 1348 467 de
1347 408 1573 491 francesch
1595 396 1735 464 Marti
1735 412 1872 503 pages
1886 394 1956 459 de

405 519 556 582 Odena
572 536 610 611 y
616 524 667 578 de
693 511 961 609 Magdalena
989 504 1055 568 ab
1065 500 1285 595 Speransa
1309 497 1484 592 donsella
1476 492 1610 589 filla
1628 502 1682 556 de
1692 485 1863 589 Miquel
1878 470 1979 542 Coll

408 630 531 717 pages
556 615 611 676 de
621 591 834 689 Rajadell
847 600 924 664 del
933 600 1089 660 mateix
1107 589 1248 683 bisbat
1270 596 1445 683 defunct
1449 617 1491 681 y
1495 591 1550 650 de
1569 567 1747 652 Eularia

410 706 481 780 dit
491 704 566 770 dia
581 692 738 765 rebere
740 704 789 767 de
798 683 964 763 Antoni
975 678 1206 787 Dardanya
1214 710 1345 795 pages
1358 693 1410 760 de
1421 682 1499 760 St
1497 676 1608 758 Pere
1634 697 1682 758 de
1690 666 1905 777 Perafita
1916 682 2035 794 bisbat

403 810 459 869 de
459 798 557 870 Vich
570 784 760 860 habitant
770 815 836 860 en
852 781 1111 888 Argentona
1123 784 1217 874 fill
1242 786 1292 847 de
1312 777 1499 885 Guillem
1505 784 1740 874 Dardanya
1732 786 1894 876 sastre
1915 781 1970 845 de

410 897 501 956 dita
512 885 741 995 parrochia
758 892 817 956 de
823 878 904 956 St
909 865 1038 956 Pere
1051 880 1241 973 defunct
1249 902 1305 980 y
1311 880 1364 936 de
1372 865 1561 968 Angela
1597 871 1668 936 ab
1683 846 1961 973 Elisabeth

400 994 552 1057 viuda
574 994 632 1057 de
651 957 762 1054 Pau
788 976 969 1052 Codina
982 983 1217 1052 candaler
1225 977 1282 1043 de
1295 1000 1401 1047 cera
1413 977 1471 1038 de
1479 989 1727 1078 argentona

370 1063 531 1168 Dijous
537 1101 573 1139 a
581 1090 638 1142 15
645 1071 774 1136 rebere
788 1080 836 1139 de
861 1070 1045 1166 Guillem
1056 1064 1210 1142 Duran
1221 1087 1347 1171 sastre
1363 1070 1442 1141 del
1448 1090 1575 1170 regne
1591 1070 1645 1136 de
1639 1063 1824 1154 frança
1837 1042 2000 1130 habitat

412 1193 466 1240 en
487 1162 760 1254 Molinderey
782 1163 857 1230 ab
852 1155 1031 1264 Antiga
1040 1169 1236 1267 donsella
1232 1165 1371 1255 filla
1391 1169 1443 1228 de
1442 1160 1672 1254 francesch
1686 1159 1845 1259 Cigalet
1846 1172 1991 1264 pages

401 1271 455 1339 de
461 1259 721 1350 Molinderey
731 1287 776 1365 y
782 1268 829 1323 de
846 1246 1018 1356 Antiga
1049 1246 1261 1341 defuncts

391 1354 464 1413 Dit
472 1354 538 1409 dia
544 1345 671 1409 rebere
684 1357 731 1414 de
730 1357 954 1450 francesch
961 1355 1104 1455 Verges
1107 1371 1226 1455 pages
1244 1355 1299 1416 de
1311 1330 1445 1438 Bara
1437 1337 1540 1426 fill
1544 1347 1591 1406 de
1586 1307 1745 1423 franch
1739 1337 1887 1433 Verges
1895 1360 2016 1441 pages

403 1449 455 1507 de
466 1418 622 1536 Bara
626 1464 671 1549 y
677 1451 729 1507 de
791 1453 834 1512 t
919 1449 1113 1532 defuncts
1126 1446 1196 1515 ab
1205 1439 1371 1508 Maria
1379 1439 1528 1503 viuda
1548 1446 1599 1503 de
1607 1415 1733 1508 Pere
1723 1439 1849 1532 font
1851 1439 2005 1534 pages

405 1545 453 1606 de
461 1516 624 1636 Bara

387 1629 608 1693 Divendres
621 1644 655 1690 a
675 1615 750 1690 16
760 1607 907 1682 rebere
915 1617 980 1686 de
993 1613 1155 1686 Valenti
1170 1610 1350 1713 Garriga
1354 1634 1536 1717 parayre
1551 1620 1606 1685 de
1605 1617 1796 1712 Terrassa
1796 1604 1903 1702 fill
1908 1604 1978 1674 de

396 1702 573 1775 Antich
593 1706 780 1806 Garriga
793 1730 922 1813 pages
940 1719 992 1773 de
1002 1707 1206 1802 Terrassa
1207 1731 1257 1808 y
1268 1707 1313 1766 de
1342 1690 1536 1806 Elisabeth
1551 1709 1740 1784 defuncts
1756 1704 1831 1772 ab
1834 1678 2044 1777 Eularia

400 1805 597 1905 donsella
591 1793 731 1900 filla
744 1815 794 1876 de
816 1793 931 1876 Pere
942 1794 1141 1877 Trullas
1144 1824 1291 1917 pages
1318 1810 1371 1867 de
1375 1794 1482 1875 Vila
1485 1805 1672 1877 decavals
1671 1802 1912 1916 parrochia
1918 1787 1991 1869 de

403 1911 573 1995 Aulesa
591 1907 639 1971 de
659 1904 943 2008 Montserrat
928 1926 987 1989 y
1003 1904 1057 1970 de
1077 1885 1273 1967 Eularia

385 1998 465 2066 Dit
483 2000 567 2060 dia
582 1995 717 2067 rebere
731 2008 777 2074 de
786 2008 861 2067 don
879 1989 1072 2071 Ambros
1084 2003 1264 2107 Gallart
1266 2024 1311 2104 y
1310 2007 1364 2064 de
1388 1989 1567 2062 Calders
1577 2014 1635 2055 en
1650 1960 1807 2085 Bara
1808 1977 1984 2083 populat

387 2094 529 2162 viudo
543 2096 617 2163 ab
625 2103 676 2163 la
684 2084 798 2168 Sra
790 2091 975 2165 Maria
992 2099 1183 2205 donsella
1182 2098 1316 2195 filla
1338 2092 1420 2166 del
1426 2070 1510 2156 Sr
1489 2085 1638 2182 Juan
1652 2049 1846 2175 Batista
1860 2065 2054 2175 Cassador

372 2216 425 2301 y
433 2199 488 2261 de
505 2178 717 2303 Aguilar
736 2218 805 2264 #
819 2171 922 2271 #
930 2197 1094 2303 donsell
1111 2220 1180 2270 en
1190 2174 1355 2311 Bara
1361 2195 1606 2259 domiciliat
1607 2218 1649 2289 y
1654 2192 1714 2258 de
1724 2185 1784 2254 la
1787 2163 1897 2266 Sra
1878 2176 2044 2284 Luysa

383 2286 458 2345 Dit
464 2291 534 2346 dia
539 2281 682 2352 rebere
697 2300 744 2355 de
736 2276 863 2373 Jua
867 2276 963 2355 Pau
985 2295 1156 2385 Segrera
1170 2312 1294 2390 pages
1315 2293 1362 2352 de
1383 2286 1554 2352 Cabrera
1548 2291 1651 2374 fill
1655 2291 1705 2350 de
1703 2272 1840 2379 Jua
1826 2284 2008 2371 Segrera

395 2393 524 2481 pages
544 2380 596 2441 de
614 2380 787 2448 Cabrera
809 2384 986 2472 defunct
976 2412 1038 2472 y
1050 2393 1103 2460 de
1107 2365 1287 2456 Paula
1310 2384 1391 2453 ab
1400 2372 1587 2464 Maria
1600 2382 1794 2481 donsella
1792 2380 1920 2476 filla
1926 2382 1982 2446 de

392 2487 545 2577 jaume
564 2483 737 2580 jaume
736 2489 884 2593 pages
908 2487 959 2547 de
971 2475 1069 2549 dita
1064 2480 1300 2591 parrochia
1315 2504 1368 2593 y
1371 2480 1425 2552 de
1453 2476 1757 2582 Magdalena
1785 2449 2027 2556 defuncts

381 2567 463 2638 Dit
469 2574 544 2642 dia
553 2576 683 2643 rebere
691 2583 748 2648 de
750 2588 870 2680 juan
897 2574 1060 2650 Micas
1073 2579 1327 2652 treballador
1342 2581 1413 2652 del
1419 2585 1569 2683 regne
1591 2586 1646 2650 de
1632 2581 1823 2678 frança
1837 2555 2020 2645 habitat

387 2691 452 2736 en
467 2665 734 2769 Molinderey
754 2674 825 2737 ab
842 2665 1126 2770 Hieronyma
1136 2681 1289 2744 viuda
1310 2682 1362 2744 de
1364 2680 1504 2779 juan
1505 2675 1717 2785 Domingo
1724 2682 1897 2776 ferrer
1908 2675 1975 2743 de

388 2768 481 2835 dita
492 2769 612 2835 vila
636 2777 696 2840 de
720 2766 979 2875 Molinderey

381 2851 452 2914 Dit
460 2855 540 2914 dia
543 2862 685 2923 rebere
698 2865 748 2926 de
759 2853 968 2952 Hyacinto
980 2836 1221 2928 Bonavall
1222 2874 1345 2954 pages
1361 2864 1414 2921 de
1413 2839 1499 2917 St
1462 2860 1590 2942 feliu
1602 2853 1653 2923 de
1666 2847 1844 2928 Codines
1833 2857 1950 2949 fill
1956 2864 2013 2924 de

397 2958 545 3048 jaume
571 2922 825 3020 Bonavall
824 2972 958 3064 pages
965 2981 1011 3057 y
1012 2960 1072 3022 de
1071 2958 1221 3058 juana
1249 2955 1318 3020 ab
1331 2932 1495 3019 Elienor
1483 2920 1579 3019 #
1569 2946 1757 3052 donsella
1758 2946 1879 3039 filla
1906 2948 1975 3015 de

390 3031 583 3118 Andreu
593 3026 716 3162 Puig
727 3077 936 3168 parayre
937 3082 995 3163 y
996 3056 1047 3120 de
1064 3054 1305 3153 Sagimona
1324 3047 1536 3146 defuncta
1548 3056 1640 3120 tots
1654 3047 1710 3107 de
1727 3045 1823 3106 dita
1826 3038 2051 3148 parrochia

381 3131 454 3207 Dit
473 3147 549 3216 dia
564 3150 755 3223 reberem
770 3157 821 3221 de
831 3140 1027 3223 Andreu
1052 3143 1262 3224 Torrella
1261 3171 1395 3259 pages
1408 3153 1463 3221 de
1471 3152 1698 3256 jonqueres
1700 3143 1816 3231 fill
1827 3147 1886 3211 de
1887 3120 2006 3211 An=

394 3232 481 3303 tich
496 3234 712 3303 Torrella
722 3257 868 3350 pages
879 3269 929 3348 y
933 3245 986 3310 de
1014 3234 1318 3343 Montserrada
1349 3237 1554 3345 defuncts
1557 3245 1626 3303 ab
1639 3225 1911 3327 Hieronyma
1915 3236 2063 3331 dosella

376 3328 499 3408 filla
498 3337 551 3397 de
550 3328 647 3427 jua
663 3332 789 3399 Vilar
790 3353 929 3439 pages
939 3339 991 3408 de
1005 3339 1248 3432 Munmany
1270 3339 1440 3416 defunct
1442 3349 1488 3429 y
1492 3333 1556 3394 de
1573 3304 1786 3392 Beneta
