2690 3794
409 290 590 357 Dimecres
598 311 635 350 a
644 306 717 366 29
734 276 885 350 rebere
891 295 939 350 de
938 297 1067 375 Juan
1086 292 1205 350 Carli
1214 297 1355 378 daguer
1370 297 1417 352 de
1438 276 1569 371 Bara
1572 298 1687 359 viudo
1705 295 1776 356 ab
1775 297 2053 373 Montserrada

418 379 536 439 viuda
564 390 615 439 de
635 372 774 441 Marti
786 356 920 441 Rubi
923 377 1058 457 mestre
1071 372 1122 434 de
1132 391 1223 429 axa
1237 377 1347 431 mori
1348 393 1401 431 en
1416 349 1548 450 Bara

419 457 544 548 dijous
559 482 596 521 a
614 471 678 535 30
698 462 844 532 rebere
851 467 920 535 de
936 459 1176 549 Christophol
1193 445 1285 529 Ux
1296 465 1446 544 mestre
1452 457 1507 526 de
1513 470 1618 529 axa
1628 457 1695 530 de
1699 454 1864 516 Mataro
1878 438 2010 516 habi=

419 559 531 616 tant
546 577 608 616 en
625 534 776 635 Bara
773 554 869 632 fill
873 550 928 616 de
948 552 1217 641 Montserrat
1230 552 1306 616 Ux
1314 554 1462 644 mestre
1479 556 1532 618 de
1543 571 1637 614 axa
1652 557 1703 614 de
1704 533 1851 637 Bara
1850 568 1894 639 y
1900 542 1991 604 de

423 631 617 705 Eularia
655 645 867 719 defuncta
878 640 949 700 ab
963 629 1231 724 Hieronyma
1245 645 1422 722 donsella
1420 636 1551 721 filla
1575 643 1626 707 de
1636 627 1807 700 Antoni
1822 613 2003 719 Bronso

419 746 556 838 pages
587 730 647 793 de
669 730 835 794 Mollet
857 732 1019 815 defunct
1030 757 1071 826 y
1071 743 1133 794 de
1150 727 1417 828 Margarida

421 825 488 892 dit
496 818 572 883 dia
589 819 742 885 rebere
764 828 812 887 de
823 825 974 920 Joseph
988 823 1194 903 Muntells
1207 833 1371 924 daguer
1382 833 1437 892 de
1446 807 1585 919 Bara
1580 821 1689 913 fill
1697 832 1748 892 de
1750 774 1991 908 franch

421 907 638 980 Muntells
646 914 763 976 veler
780 931 831 978 de
855 900 1006 1001 Bara
1009 918 1185 1002 defunct
1191 945 1235 1015 y
1245 919 1292 980 de
1307 905 1464 978 Anna
1489 914 1562 978 ab
1545 910 1810 1004 francisca
1827 904 2032 995 donsella

405 996 549 1092 filla
580 1008 629 1069 de
640 998 899 1096 francesch
909 1005 1085 1104 Castells
1103 1010 1267 1104 daguer
1279 1019 1328 1076 de
1341 986 1505 1104 Bara
1496 1031 1539 1106 y
1550 1007 1599 1072 de
1613 998 1787 1071 Violant

423 1096 497 1170 dit
501 1099 583 1167 dia
596 1089 747 1167 rebere
754 1108 808 1163 de
830 1068 954 1170 Pere
955 1112 1096 1207 Juan
1107 1105 1335 1204 Salvany
1339 1131 1533 1216 parayre
1548 1120 1599 1174 de
1611 1106 1821 1177 Sabadell
1800 1085 1928 1200 fill
1936 1103 1996 1169 de

412 1190 604 1305 Gabriel
623 1190 840 1287 Salvany
850 1215 1051 1298 parayre
1061 1204 1108 1265 de
1127 1201 1223 1267 dita
1234 1195 1351 1270 vila
1352 1227 1390 1298 y
1398 1213 1451 1270 de
1471 1189 1642 1270 Eularia
1663 1197 1878 1287 defuncts
1909 1190 1992 1263 ab

414 1288 574 1403 Antiga
589 1299 781 1385 donsella
782 1292 919 1380 filla
941 1297 996 1364 de
1011 1271 1310 1368 Barthomeu
1336 1276 1523 1403 Alsina
1534 1313 1708 1373 tintorer
1711 1325 1757 1408 y
1759 1313 1825 1377 de
1839 1274 2064 1370 Beneta

419 1402 502 1459 tots
516 1392 571 1454 de
584 1393 690 1457 dita
694 1388 805 1455 vila

410 1484 472 1551 dit
487 1489 551 1557 dia
557 1486 692 1553 rebere
712 1493 760 1553 de
773 1459 886 1557 Pere
884 1461 1001 1583 Jua
1014 1472 1148 1551 Vicens
1159 1482 1313 1543 notari
1318 1479 1428 1548 real
1436 1488 1487 1550 de
1500 1461 1658 1574 Bara
1643 1470 1750 1566 fill
1754 1489 1803 1544 de
1815 1452 1973 1547 Pere

412 1575 558 1647 Vicens
570 1589 708 1644 notari
714 1585 815 1643 real
825 1585 881 1643 de
894 1559 1042 1665 Bara
1053 1577 1226 1665 defunct
1223 1591 1276 1660 y
1286 1577 1339 1641 de
1357 1559 1583 1641 Catherina
1609 1570 1683 1635 ab
1686 1566 1855 1639 Monica
1872 1566 2035 1667 dosella

401 1662 524 1759 filla
548 1671 604 1737 de
614 1650 735 1739 Pere
734 1664 851 1770 Jua
869 1646 1062 1739 Bertran
1080 1669 1256 1735 texidor
1264 1671 1312 1730 de
1321 1668 1422 1730 vels
1438 1668 1494 1732 de
1506 1642 1662 1751 Bara
1652 1685 1692 1754 y
1691 1668 1744 1730 de
1759 1646 1996 1732 Eularia

414 1750 654 1845 defuncts
