<?xml version="1.0" encoding="utf-8"?>
<PcGts xmlns="http://schema.primaresearch.org/PAGE/gts/pagecontent/2013-07-15">
  <Metadata>
    <Creator>GeneraPageCompeition</Creator>
    <Created>2017-11-30T18:34:46Z</Created>
    <LastChange>2017-11-30T18:34:46Z</LastChange>
  </Metadata>
  <Page imageFilename="Volum_069_Registres_0054.jpg" imageHeight="3794" imageWidth="2690">
    <Property key="idPage" value="10404"/>
    <TextRegion id="Record1">
      <Coords points="0,0 0,0"/>
      <TextLine id="Record1_Line0">
        <Coords points="0,0 0,0"/>
        <Word id="Record1_Line0_Word0">
          <Property key="category" value="other"/>
          <Property key="person" value="none"/>
          <Coords points="388,304 607,304 607,388 388,388"/>
          <TextEquiv>
            <Unicode>Divendres</Unicode>
          </TextEquiv>
        </Word>
        <Word id="Record1_Line0_Word1">
          <Property key="category" value="other"/>
          <Property key="person" value="none"/>
          <Coords points="619,343 650,343 650,384 619,384"/>
          <TextEquiv>
            <Unicode>a</Unicode>
          </TextEquiv>
        </Word>
        <Word id="Record1_Line0_Word2">
          <Property key="category" value="other"/>
          <Property key="person" value="none"/>
          <Coords points="671,330 705,330 705,386 671,386"/>
          <TextEquiv>
            <Unicode>8</Unicode>
          </TextEquiv>
        </Word>
        <Word id="Record1_Line0_Word3">
          <Property key="category" value="other"/>
          <Property key="person" value="none"/>
          <Coords points="720,309 851,309 851,381 720,381"/>
          <TextEquiv>
            <Unicode>rebere</Unicode>
          </TextEquiv>
        </Word>
        <Word id="Record1_Line0_Word4">
          <Property key="category" value="other"/>
          <Property key="person" value="none"/>
          <Coords points="864,316 914,316 914,374 864,374"/>
          <TextEquiv>
            <Unicode>de</Unicode>
          </TextEquiv>
        </Word>
        <Word id="Record1_Line0_Word5">
          <Property key="category" value="name"/>
          <Property key="person" value="husband"/>
          <Coords points="928,286 1031,286 1031,372 928,372"/>
          <TextEquiv>
            <Unicode>Pau</Unicode>
          </TextEquiv>
        </Word>
        <Word id="Record1_Line0_Word6">
          <Property key="category" value="surname"/>
          <Property key="person" value="husband"/>
          <Coords points="1052,295 1243,295 1243,398 1052,398"/>
          <TextEquiv>
            <Unicode>Panyella</Unicode>
          </TextEquiv>
        </Word>
        <Word id="Record1_Line0_Word7">
          <Property key="category" value="occupation"/>
          <Property key="person" value="husband"/>
          <Coords points="1258,328 1375,328 1375,411 1258,411"/>
          <TextEquiv>
            <Unicode>pages</Unicode>
          </TextEquiv>
        </Word>
        <Word id="Record1_Line0_Word8">
          <Property key="category" value="other"/>
          <Property key="person" value="none"/>
          <Coords points="1381,314 1431,314 1431,377 1381,377"/>
          <TextEquiv>
            <Unicode>de</Unicode>
          </TextEquiv>
        </Word>
        <Word id="Record1_Line0_Word9">
          <Property key="category" value="location"/>
          <Property key="person" value="husband"/>
          <Coords points="1446,308 1598,308 1598,377 1446,377"/>
          <TextEquiv>
            <Unicode>Corbera</Unicode>
          </TextEquiv>
        </Word>
        <Word id="Record1_Line0_Word10">
          <Property key="category" value="other"/>
          <Property key="person" value="none"/>
          <Coords points="1595,311 1683,311 1683,397 1595,397"/>
          <TextEquiv>
            <Unicode>fill</Unicode>
          </TextEquiv>
        </Word>
        <Word id="Record1_Line0_Word11">
          <Property key="category" value="other"/>
          <Property key="person" value="none"/>
          <Coords points="1695,322 1750,322 1750,381 1695,381"/>
          <TextEquiv>
            <Unicode>de</Unicode>
          </TextEquiv>
        </Word>
        <Word id="Record1_Line0_Word12">
          <Property key="category" value="name"/>
          <Property key="person" value="husbands_father"/>
          <Coords points="1758,302 1918,302 1918,377 1758,377"/>
          <TextEquiv>
            <Unicode>Antoni</Unicode>
          </TextEquiv>
        </Word>
        <Word id="Record1_Line0_Word13">
          <Property key="category" value="surname"/>
          <Property key="person" value="husbands_father"/>
          <Coords points="1926,293 2026,293 2026,379 1926,379"/>
          <TextEquiv>
            <Unicode>Pa=</Unicode>
          </TextEquiv>
        </Word>
      </TextLine>
      <TextLine id="Record1_Line1">
        <Coords points="0,0 0,0"/>
        <Word id="Record1_Line1_Word0">
          <Property key="category" value="surname"/>
          <Property key="person" value="husbands_father"/>
          <Coords points="411,408 557,408 557,496 411,496"/>
          <TextEquiv>
            <Unicode>nyella</Unicode>
          </TextEquiv>
        </Word>
        <Word id="Record1_Line1_Word1">
          <Property key="category" value="occupation"/>
          <Property key="person" value="husbands_father"/>
          <Coords points="577,423 696,423 696,498 577,498"/>
          <TextEquiv>
            <Unicode>pages</Unicode>
          </TextEquiv>
        </Word>
        <Word id="Record1_Line1_Word2">
          <Property key="category" value="other"/>
          <Property key="person" value="none"/>
          <Coords points="702,429 737,429 737,489 702,489"/>
          <TextEquiv>
            <Unicode>y</Unicode>
          </TextEquiv>
        </Word>
        <Word id="Record1_Line1_Word3">
          <Property key="category" value="other"/>
          <Property key="person" value="none"/>
          <Coords points="742,413 789,413 789,468 742,468"/>
          <TextEquiv>
            <Unicode>de</Unicode>
          </TextEquiv>
        </Word>
        <Word id="Record1_Line1_Word4">
          <Property key="category" value="name"/>
          <Property key="person" value="husbands_mother"/>
          <Coords points="812,385 970,385 970,462 812,462"/>
          <TextEquiv>
            <Unicode>Elienor</Unicode>
          </TextEquiv>
        </Word>
        <Word id="Record1_Line1_Word5">
          <Property key="category" value="other"/>
          <Property key="person" value="none"/>
          <Coords points="994,399 1062,399 1062,462 994,462"/>
          <TextEquiv>
            <Unicode>ab</Unicode>
          </TextEquiv>
        </Word>
        <Word id="Record1_Line1_Word6">
          <Property key="category" value="name"/>
          <Property key="person" value="wife"/>
          <Coords points="1074,385 1237,385 1237,464 1074,464"/>
          <TextEquiv>
            <Unicode>Beneta</Unicode>
          </TextEquiv>
        </Word>
        <Word id="Record1_Line1_Word7">
          <Property key="category" value="state"/>
          <Property key="person" value="wife"/>
          <Coords points="1258,405 1429,405 1429,483 1258,483"/>
          <TextEquiv>
            <Unicode>donsella</Unicode>
          </TextEquiv>
        </Word>
        <Word id="Record1_Line1_Word8">
          <Property key="category" value="other"/>
          <Property key="person" value="none"/>
          <Coords points="1433,401 1553,401 1553,483 1433,483"/>
          <TextEquiv>
            <Unicode>filla</Unicode>
          </TextEquiv>
        </Word>
        <Word id="Record1_Line1_Word9">
          <Property key="category" value="other"/>
          <Property key="person" value="none"/>
          <Coords points="1567,410 1608,410 1608,462 1567,462"/>
          <TextEquiv>
            <Unicode>de</Unicode>
          </TextEquiv>
        </Word>
        <Word id="Record1_Line1_Word10">
          <Property key="category" value="name"/>
          <Property key="person" value="wifes_father"/>
          <Coords points="1615,415 1757,415 1757,496 1615,496"/>
          <TextEquiv>
            <Unicode>jaume</Unicode>
          </TextEquiv>
        </Word>
        <Word id="Record1_Line1_Word11">
          <Property key="category" value="surname"/>
          <Property key="person" value="wifes_father"/>
          <Coords points="1767,389 1898,389 1898,489 1767,489"/>
          <TextEquiv>
            <Unicode>Pages</Unicode>
          </TextEquiv>
        </Word>
        <Word id="Record1_Line1_Word12">
          <Property key="category" value="occupation"/>
          <Property key="person" value="wifes_father"/>
          <Coords points="1906,408 2037,408 2037,498 1906,498"/>
          <TextEquiv>
            <Unicode>pages</Unicode>
          </TextEquiv>
        </Word>
      </TextLine>
      <TextLine id="Record1_Line2">
        <Coords points="0,0 0,0"/>
        <Word id="Record1_Line2_Word0">
          <Property key="category" value="other"/>
          <Property key="person" value="none"/>
          <Coords points="415,509 479,509 479,568 415,568"/>
          <TextEquiv>
            <Unicode>del</Unicode>
          </TextEquiv>
        </Word>
        <Word id="Record1_Line2_Word1">
          <Property key="category" value="location"/>
          <Property key="person" value="wifes_father"/>
          <Coords points="496,481 654,481 654,593 496,593"/>
          <TextEquiv>
            <Unicode>Papiol</Unicode>
          </TextEquiv>
        </Word>
        <Word id="Record1_Line2_Word2">
          <Property key="category" value="other"/>
          <Property key="person" value="none"/>
          <Coords points="660,525 705,525 705,604 660,604"/>
          <TextEquiv>
            <Unicode>y</Unicode>
          </TextEquiv>
        </Word>
        <Word id="Record1_Line2_Word3">
          <Property key="category" value="other"/>
          <Property key="person" value="none"/>
          <Coords points="713,506 762,506 762,560 713,560"/>
          <TextEquiv>
            <Unicode>de</Unicode>
          </TextEquiv>
        </Word>
        <Word id="Record1_Line2_Word4">
          <Property key="category" value="name"/>
          <Property key="person" value="wifes_mother"/>
          <Coords points="770,490 985,490 985,584 770,584"/>
          <TextEquiv>
            <Unicode>Aldonsa</Unicode>
          </TextEquiv>
        </Word>
      </TextLine>
    </TextRegion>
    <TextRegion id="Record2">
      <Coords points="0,0 0,0"/>
      <TextLine id="Record2_Line0">
        <Coords points="0,0 0,0"/>
        <Word id="Record2_Line0_Word0">
          <Property key="category" value="other"/>
          <Property key="person" value="none"/>
          <Coords points="415,599 571,599 571,687 415,687"/>
          <TextEquiv>
            <Unicode>dissapte</Unicode>
          </TextEquiv>
        </Word>
        <Word id="Record2_Line0_Word1">
          <Property key="category" value="other"/>
          <Property key="person" value="none"/>
          <Coords points="579,617 612,617 612,661 579,661"/>
          <TextEquiv>
            <Unicode>a</Unicode>
          </TextEquiv>
        </Word>
        <Word id="Record2_Line0_Word2">
          <Property key="category" value="other"/>
          <Property key="person" value="none"/>
          <Coords points="621,615 663,615 663,675 621,675"/>
          <TextEquiv>
            <Unicode>9</Unicode>
          </TextEquiv>
        </Word>
        <Word id="Record2_Line0_Word3">
          <Property key="category" value="other"/>
          <Property key="person" value="none"/>
          <Coords points="680,589 815,589 815,659 680,659"/>
          <TextEquiv>
            <Unicode>rebere</Unicode>
          </TextEquiv>
        </Word>
        <Word id="Record2_Line0_Word4">
          <Property key="category" value="other"/>
          <Property key="person" value="none"/>
          <Coords points="834,596 880,596 880,657 834,657"/>
          <TextEquiv>
            <Unicode>de</Unicode>
          </TextEquiv>
        </Word>
        <Word id="Record2_Line0_Word5">
          <Property key="category" value="name"/>
          <Property key="person" value="husband"/>
          <Coords points="886,597 1028,597 1028,675 886,675"/>
          <TextEquiv>
            <Unicode>jaume</Unicode>
          </TextEquiv>
        </Word>
        <Word id="Record2_Line0_Word6">
          <Property key="category" value="surname"/>
          <Property key="person" value="husband"/>
          <Coords points="1050,559 1223,559 1223,641 1050,641"/>
          <TextEquiv>
            <Unicode>Barcelo</Unicode>
          </TextEquiv>
        </Word>
        <Word id="Record2_Line0_Word7">
          <Property key="category" value="occupation"/>
          <Property key="person" value="husband"/>
          <Coords points="1231,592 1347,592 1347,682 1231,682"/>
          <TextEquiv>
            <Unicode>pages</Unicode>
          </TextEquiv>
        </Word>
        <Word id="Record2_Line0_Word8">
          <Property key="category" value="other"/>
          <Property key="person" value="none"/>
          <Coords points="1364,580 1416,580 1416,641 1364,641"/>
          <TextEquiv>
            <Unicode>de</Unicode>
          </TextEquiv>
        </Word>
        <Word id="Record2_Line0_Word9">
          <Property key="category" value="location"/>
          <Property key="person" value="husband"/>
          <Coords points="1433,557 1560,557 1560,638 1433,638"/>
          <TextEquiv>
            <Unicode>Ebrera</Unicode>
          </TextEquiv>
        </Word>
        <Word id="Record2_Line0_Word10">
          <Property key="category" value="other"/>
          <Property key="person" value="none"/>
          <Coords points="1558,567 1652,567 1652,664 1558,664"/>
          <TextEquiv>
            <Unicode>fill</Unicode>
          </TextEquiv>
        </Word>
        <Word id="Record2_Line0_Word11">
          <Property key="category" value="other"/>
          <Property key="person" value="none"/>
          <Coords points="1664,567 1707,567 1707,639 1664,639"/>
          <TextEquiv>
            <Unicode>de</Unicode>
          </TextEquiv>
        </Word>
        <Word id="Record2_Line0_Word12">
          <Property key="category" value="name"/>
          <Property key="person" value="husbands_father"/>
          <Coords points="1704,559 1867,559 1867,641 1704,641"/>
          <TextEquiv>
            <Unicode>Antoni</Unicode>
          </TextEquiv>
        </Word>
        <Word id="Record2_Line0_Word13">
          <Property key="category" value="surname"/>
          <Property key="person" value="husbands_father"/>
          <Coords points="1866,553 2059,553 2059,643 1866,643"/>
          <TextEquiv>
            <Unicode>Barcelo</Unicode>
          </TextEquiv>
        </Word>
      </TextLine>
      <TextLine id="Record2_Line1">
        <Coords points="0,0 0,0"/>
        <Word id="Record2_Line1_Word0">
          <Property key="category" value="occupation"/>
          <Property key="person" value="husbands_father"/>
          <Coords points="420,709 538,709 538,790 420,790"/>
          <TextEquiv>
            <Unicode>pages</Unicode>
          </TextEquiv>
        </Word>
        <Word id="Record2_Line1_Word1">
          <Property key="category" value="other"/>
          <Property key="person" value="none"/>
          <Coords points="554,684 647,684 647,772 554,772"/>
          <TextEquiv>
            <Unicode>#</Unicode>
          </TextEquiv>
        </Word>
        <Word id="Record2_Line1_Word2">
          <Property key="category" value="other"/>
          <Property key="person" value="none"/>
          <Coords points="653,704 690,704 690,781 653,781"/>
          <TextEquiv>
            <Unicode>y</Unicode>
          </TextEquiv>
        </Word>
        <Word id="Record2_Line1_Word3">
          <Property key="category" value="other"/>
          <Property key="person" value="none"/>
          <Coords points="693,697 743,697 743,754 693,754"/>
          <TextEquiv>
            <Unicode>de</Unicode>
          </TextEquiv>
        </Word>
        <Word id="Record2_Line1_Word4">
          <Property key="category" value="name"/>
          <Property key="person" value="husbands_mother"/>
          <Coords points="756,684 1055,684 1055,776 756,776"/>
          <TextEquiv>
            <Unicode>Montserrada</Unicode>
          </TextEquiv>
        </Word>
        <Word id="Record2_Line1_Word5">
          <Property key="category" value="other"/>
          <Property key="person" value="none"/>
          <Coords points="1076,676 1282,676 1282,761 1076,761"/>
          <TextEquiv>
            <Unicode>defuncts</Unicode>
          </TextEquiv>
        </Word>
        <Word id="Record2_Line1_Word6">
          <Property key="category" value="other"/>
          <Property key="person" value="none"/>
          <Coords points="1283,677 1349,677 1349,738 1283,738"/>
          <TextEquiv>
            <Unicode>ab</Unicode>
          </TextEquiv>
        </Word>
        <Word id="Record2_Line1_Word7">
          <Property key="category" value="name"/>
          <Property key="person" value="wife"/>
          <Coords points="1361,668 1598,668 1598,735 1361,735"/>
          <TextEquiv>
            <Unicode>Marianna</Unicode>
          </TextEquiv>
        </Word>
        <Word id="Record2_Line1_Word8">
          <Property key="category" value="state"/>
          <Property key="person" value="wife"/>
          <Coords points="1612,668 1806,668 1806,756 1612,756"/>
          <TextEquiv>
            <Unicode>donsella</Unicode>
          </TextEquiv>
        </Word>
        <Word id="Record2_Line1_Word9">
          <Property key="category" value="other"/>
          <Property key="person" value="none"/>
          <Coords points="1803,670 1923,670 1923,758 1803,758"/>
          <TextEquiv>
            <Unicode>filla</Unicode>
          </TextEquiv>
        </Word>
        <Word id="Record2_Line1_Word10">
          <Property key="category" value="other"/>
          <Property key="person" value="none"/>
          <Coords points="1931,668 2003,668 2003,730 1931,730"/>
          <TextEquiv>
            <Unicode>de</Unicode>
          </TextEquiv>
        </Word>
      </TextLine>
      <TextLine id="Record2_Line2">
        <Coords points="0,0 0,0"/>
        <Word id="Record2_Line2_Word0">
          <Property key="category" value="name"/>
          <Property key="person" value="wifes_father"/>
          <Coords points="400,776 506,776 506,889 400,889"/>
          <TextEquiv>
            <Unicode>Jua</Unicode>
          </TextEquiv>
        </Word>
        <Word id="Record2_Line2_Word1">
          <Property key="category" value="surname"/>
          <Property key="person" value="wifes_father"/>
          <Coords points="514,785 670,785 670,857 514,857"/>
          <TextEquiv>
            <Unicode>Moral</Unicode>
          </TextEquiv>
        </Word>
        <Word id="Record2_Line2_Word2">
          <Property key="category" value="occupation"/>
          <Property key="person" value="wifes_father"/>
          <Coords points="680,792 817,792 817,887 680,887"/>
          <TextEquiv>
            <Unicode>pages</Unicode>
          </TextEquiv>
        </Word>
        <Word id="Record2_Line2_Word3">
          <Property key="category" value="other"/>
          <Property key="person" value="none"/>
          <Coords points="826,785 1003,785 1003,862 826,862"/>
          <TextEquiv>
            <Unicode>defunct</Unicode>
          </TextEquiv>
        </Word>
        <Word id="Record2_Line2_Word4">
          <Property key="category" value="other"/>
          <Property key="person" value="none"/>
          <Coords points="1009,806 1048,806 1048,877 1009,877"/>
          <TextEquiv>
            <Unicode>y</Unicode>
          </TextEquiv>
        </Word>
        <Word id="Record2_Line2_Word5">
          <Property key="category" value="other"/>
          <Property key="person" value="none"/>
          <Coords points="1056,780 1111,780 1111,846 1056,846"/>
          <TextEquiv>
            <Unicode>de</Unicode>
          </TextEquiv>
        </Word>
        <Word id="Record2_Line2_Word6">
          <Property key="category" value="name"/>
          <Property key="person" value="wifes_mother"/>
          <Coords points="1166,785 1207,785 1207,843 1166,843"/>
          <TextEquiv>
            <Unicode>t</Unicode>
          </TextEquiv>
        </Word>
        <Word id="Record2_Line2_Word7">
          <Property key="category" value="other"/>
          <Property key="person" value="none"/>
          <Coords points="1253,771 1351,771 1351,834 1253,834"/>
          <TextEquiv>
            <Unicode>#</Unicode>
          </TextEquiv>
        </Word>
        <Word id="Record2_Line2_Word8">
          <Property key="category" value="other"/>
          <Property key="person" value="none"/>
          <Coords points="1356,775 1403,775 1403,836 1356,836"/>
          <TextEquiv>
            <Unicode>#</Unicode>
          </TextEquiv>
        </Word>
        <Word id="Record2_Line2_Word9">
          <Property key="category" value="other"/>
          <Property key="person" value="none"/>
          <Coords points="1420,767 1521,767 1521,829 1420,829"/>
          <TextEquiv>
            <Unicode>#</Unicode>
          </TextEquiv>
        </Word>
        <Word id="Record2_Line2_Word10">
          <Property key="category" value="other"/>
          <Property key="person" value="none"/>
          <Coords points="1520,759 1773,759 1773,862 1520,862"/>
          <TextEquiv>
            <Unicode>#</Unicode>
          </TextEquiv>
        </Word>
        <Word id="Record2_Line2_Word11">
          <Property key="category" value="other"/>
          <Property key="person" value="none"/>
          <Coords points="1783,760 1842,760 1842,823 1783,823"/>
          <TextEquiv>
            <Unicode>#</Unicode>
          </TextEquiv>
        </Word>
        <Word id="Record2_Line2_Word12">
          <Property key="category" value="location"/>
          <Property key="person" value="wife"/>
          <Coords points="1859,737 2026,737 2026,820 1859,820"/>
          <TextEquiv>
            <Unicode>Ebrera</Unicode>
          </TextEquiv>
        </Word>
      </TextLine>
    </TextRegion>
    <TextRegion id="Record3">
      <Coords points="0,0 0,0"/>
      <TextLine id="Record3_Line0">
        <Coords points="0,0 0,0"/>
        <Word id="Record3_Line0_Word0">
          <Property key="category" value="other"/>
          <Property key="person" value="none"/>
          <Coords points="424,893 481,893 481,950 424,950"/>
          <TextEquiv>
            <Unicode>dit</Unicode>
          </TextEquiv>
        </Word>
        <Word id="Record3_Line0_Word1">
          <Property key="category" value="other"/>
          <Property key="person" value="none"/>
          <Coords points="493,890 580,890 580,948 493,948"/>
          <TextEquiv>
            <Unicode>dia</Unicode>
          </TextEquiv>
        </Word>
        <Word id="Record3_Line0_Word2">
          <Property key="category" value="other"/>
          <Property key="person" value="none"/>
          <Coords points="583,887 718,887 718,950 583,950"/>
          <TextEquiv>
            <Unicode>rebere</Unicode>
          </TextEquiv>
        </Word>
        <Word id="Record3_Line0_Word3">
          <Property key="category" value="other"/>
          <Property key="person" value="none"/>
          <Coords points="724,893 771,893 771,943 724,943"/>
          <TextEquiv>
            <Unicode>de</Unicode>
          </TextEquiv>
        </Word>
        <Word id="Record3_Line0_Word4">
          <Property key="category" value="name"/>
          <Property key="person" value="husband"/>
          <Coords points="795,876 962,876 962,969 795,969"/>
          <TextEquiv>
            <Unicode>Miquel</Unicode>
          </TextEquiv>
        </Word>
        <Word id="Record3_Line0_Word5">
          <Property key="category" value="surname"/>
          <Property key="person" value="husband"/>
          <Coords points="986,873 1128,873 1128,941 986,941"/>
          <TextEquiv>
            <Unicode>Mora</Unicode>
          </TextEquiv>
        </Word>
        <Word id="Record3_Line0_Word6">
          <Property key="category" value="occupation"/>
          <Property key="person" value="husband"/>
          <Coords points="1142,880 1304,880 1304,934 1142,934"/>
          <TextEquiv>
            <Unicode>corredor</Unicode>
          </TextEquiv>
        </Word>
        <Word id="Record3_Line0_Word7">
          <Property key="category" value="occupation"/>
          <Property key="person" value="husband"/>
          <Coords points="1310,876 1362,876 1362,933 1310,933"/>
          <TextEquiv>
            <Unicode>de</Unicode>
          </TextEquiv>
        </Word>
        <Word id="Record3_Line0_Word8">
          <Property key="category" value="occupation"/>
          <Property key="person" value="husband"/>
          <Coords points="1370,874 1494,874 1494,929 1370,929"/>
          <TextEquiv>
            <Unicode>orella</Unicode>
          </TextEquiv>
        </Word>
        <Word id="Record3_Line0_Word9">
          <Property key="category" value="other"/>
          <Property key="person" value="none"/>
          <Coords points="1511,871 1567,871 1567,929 1511,929"/>
          <TextEquiv>
            <Unicode>de</Unicode>
          </TextEquiv>
        </Word>
        <Word id="Record3_Line0_Word10">
          <Property key="category" value="location"/>
          <Property key="person" value="husband"/>
          <Coords points="1582,841 1706,841 1706,941 1582,941"/>
          <TextEquiv>
            <Unicode>Bara</Unicode>
          </TextEquiv>
        </Word>
        <Word id="Record3_Line0_Word11">
          <Property key="category" value="other"/>
          <Property key="person" value="none"/>
          <Coords points="1693,849 1795,849 1795,946 1693,946"/>
          <TextEquiv>
            <Unicode>fill</Unicode>
          </TextEquiv>
        </Word>
        <Word id="Record3_Line0_Word12">
          <Property key="category" value="other"/>
          <Property key="person" value="none"/>
          <Coords points="1803,864 1855,864 1855,921 1803,921"/>
          <TextEquiv>
            <Unicode>de</Unicode>
          </TextEquiv>
        </Word>
        <Word id="Record3_Line0_Word13">
          <Property key="category" value="name"/>
          <Property key="person" value="husbands_father"/>
          <Coords points="1872,847 2018,847 2018,957 1872,957"/>
          <TextEquiv>
            <Unicode>Miql</Unicode>
          </TextEquiv>
        </Word>
      </TextLine>
      <TextLine id="Record3_Line1">
        <Coords points="0,0 0,0"/>
        <Word id="Record3_Line1_Word0">
          <Property key="category" value="surname"/>
          <Property key="person" value="husbands_father"/>
          <Coords points="420,980 540,980 540,1038 420,1038"/>
          <TextEquiv>
            <Unicode>Mora</Unicode>
          </TextEquiv>
        </Word>
        <Word id="Record3_Line1_Word1">
          <Property key="category" value="occupation"/>
          <Property key="person" value="husbands_father"/>
          <Coords points="553,994 709,994 709,1062 553,1062"/>
          <TextEquiv>
            <Unicode>parayre</Unicode>
          </TextEquiv>
        </Word>
        <Word id="Record3_Line1_Word2">
          <Property key="category" value="other"/>
          <Property key="person" value="none"/>
          <Coords points="723,984 770,984 770,1037 723,1037"/>
          <TextEquiv>
            <Unicode>de</Unicode>
          </TextEquiv>
        </Word>
        <Word id="Record3_Line1_Word3">
          <Property key="category" value="location"/>
          <Property key="person" value="husbands_father"/>
          <Coords points="776,968 844,968 844,1037 776,1037"/>
          <TextEquiv>
            <Unicode>St</Unicode>
          </TextEquiv>
        </Word>
        <Word id="Record3_Line1_Word4">
          <Property key="category" value="location"/>
          <Property key="person" value="husbands_father"/>
          <Coords points="852,956 964,956 964,1033 852,1033"/>
          <TextEquiv>
            <Unicode>Pere</Unicode>
          </TextEquiv>
        </Word>
        <Word id="Record3_Line1_Word5">
          <Property key="category" value="location"/>
          <Property key="person" value="husbands_father"/>
          <Coords points="974,977 1021,977 1021,1031 974,1031"/>
          <TextEquiv>
            <Unicode>de</Unicode>
          </TextEquiv>
        </Word>
        <Word id="Record3_Line1_Word6">
          <Property key="category" value="location"/>
          <Property key="person" value="husbands_father"/>
          <Coords points="1034,949 1135,949 1135,1028 1034,1028"/>
          <TextEquiv>
            <Unicode>Riu</Unicode>
          </TextEquiv>
        </Word>
        <Word id="Record3_Line1_Word7">
          <Property key="category" value="location"/>
          <Property key="person" value="husbands_father"/>
          <Coords points="1134,966 1187,966 1187,1025 1134,1025"/>
          <TextEquiv>
            <Unicode>de</Unicode>
          </TextEquiv>
        </Word>
        <Word id="Record3_Line1_Word8">
          <Property key="category" value="location"/>
          <Property key="person" value="husbands_father"/>
          <Coords points="1195,963 1332,963 1332,1028 1195,1028"/>
          <TextEquiv>
            <Unicode>billes</Unicode>
          </TextEquiv>
        </Word>
        <Word id="Record3_Line1_Word9">
          <Property key="category" value="other"/>
          <Property key="person" value="none"/>
          <Coords points="1320,990 1364,990 1364,1054 1320,1054"/>
          <TextEquiv>
            <Unicode>y</Unicode>
          </TextEquiv>
        </Word>
        <Word id="Record3_Line1_Word10">
          <Property key="category" value="other"/>
          <Property key="person" value="none"/>
          <Coords points="1370,963 1417,963 1417,1026 1370,1026"/>
          <TextEquiv>
            <Unicode>de</Unicode>
          </TextEquiv>
        </Word>
        <Word id="Record3_Line1_Word11">
          <Property key="category" value="name"/>
          <Property key="person" value="husbands_mother"/>
          <Coords points="1412,959 1579,959 1579,1049 1412,1049"/>
          <TextEquiv>
            <Unicode>Juana</Unicode>
          </TextEquiv>
        </Word>
        <Word id="Record3_Line1_Word12">
          <Property key="category" value="other"/>
          <Property key="person" value="none"/>
          <Coords points="1596,951 1783,951 1783,1033 1596,1033"/>
          <TextEquiv>
            <Unicode>defuncts</Unicode>
          </TextEquiv>
        </Word>
        <Word id="Record3_Line1_Word13">
          <Property key="category" value="state"/>
          <Property key="person" value="husband"/>
          <Coords points="1767,918 1869,918 1869,962 1767,962"/>
          <TextEquiv>
            <Unicode>viudo</Unicode>
          </TextEquiv>
        </Word>
        <Word id="Record3_Line1_Word14">
          <Property key="category" value="other"/>
          <Property key="person" value="none"/>
          <Coords points="1787,956 1851,956 1851,1014 1787,1014"/>
          <TextEquiv>
            <Unicode>ab</Unicode>
          </TextEquiv>
        </Word>
        <Word id="Record3_Line1_Word15">
          <Property key="category" value="name"/>
          <Property key="person" value="wife"/>
          <Coords points="1863,942 2012,942 2012,1035 1863,1035"/>
          <TextEquiv>
            <Unicode>Elisa=</Unicode>
          </TextEquiv>
        </Word>
      </TextLine>
      <TextLine id="Record3_Line2">
        <Coords points="0,0 0,0"/>
        <Word id="Record3_Line2_Word0">
          <Property key="category" value="name"/>
          <Property key="person" value="wife"/>
          <Coords points="420,1069 510,1069 510,1137 420,1137"/>
          <TextEquiv>
            <Unicode>beth</Unicode>
          </TextEquiv>
        </Word>
        <Word id="Record3_Line2_Word1">
          <Property key="category" value="other"/>
          <Property key="person" value="none"/>
          <Coords points="525,1077 704,1077 704,1151 525,1151"/>
          <TextEquiv>
            <Unicode>#</Unicode>
          </TextEquiv>
        </Word>
        <Word id="Record3_Line2_Word2">
          <Property key="category" value="state"/>
          <Property key="person" value="wife"/>
          <Coords points="710,1067 847,1067 847,1130 710,1130"/>
          <TextEquiv>
            <Unicode>viuda</Unicode>
          </TextEquiv>
        </Word>
        <Word id="Record3_Line2_Word3">
          <Property key="category" value="other"/>
          <Property key="person" value="none"/>
          <Coords points="855,1067 907,1067 907,1123 855,1123"/>
          <TextEquiv>
            <Unicode>de</Unicode>
          </TextEquiv>
        </Word>
        <Word id="Record3_Line2_Word4">
          <Property key="category" value="name"/>
          <Property key="person" value="other_person"/>
          <Coords points="903,1063 1033,1063 1033,1151 903,1151"/>
          <TextEquiv>
            <Unicode>Juan</Unicode>
          </TextEquiv>
        </Word>
        <Word id="Record3_Line2_Word5">
          <Property key="category" value="surname"/>
          <Property key="person" value="other_person"/>
          <Coords points="1046,1051 1268,1051 1268,1154 1046,1154"/>
          <TextEquiv>
            <Unicode>Verdaguer</Unicode>
          </TextEquiv>
        </Word>
        <Word id="Record3_Line2_Word6">
          <Property key="category" value="surname"/>
          <Property key="person" value="other_person"/>
          <Coords points="1278,1081 1314,1081 1314,1139 1278,1139"/>
          <TextEquiv>
            <Unicode>y</Unicode>
          </TextEquiv>
        </Word>
        <Word id="Record3_Line2_Word7">
          <Property key="category" value="surname"/>
          <Property key="person" value="other_person"/>
          <Coords points="1308,1053 1466,1053 1466,1147 1308,1147"/>
          <TextEquiv>
            <Unicode>ferrer</Unicode>
          </TextEquiv>
        </Word>
        <Word id="Record3_Line2_Word8">
          <Property key="category" value="occupation"/>
          <Property key="person" value="wife"/>
          <Coords points="1477,1055 1684,1055 1684,1151 1477,1151"/>
          <TextEquiv>
            <Unicode>negociant</Unicode>
          </TextEquiv>
        </Word>
        <Word id="Record3_Line2_Word9">
          <Property key="category" value="other"/>
          <Property key="person" value="none"/>
          <Coords points="1695,1049 1811,1049 1811,1111 1695,1111"/>
          <TextEquiv>
            <Unicode>mori</Unicode>
          </TextEquiv>
        </Word>
        <Word id="Record3_Line2_Word10">
          <Property key="category" value="other"/>
          <Property key="person" value="none"/>
          <Coords points="1815,1072 1876,1072 1876,1108 1815,1108"/>
          <TextEquiv>
            <Unicode>en</Unicode>
          </TextEquiv>
        </Word>
        <Word id="Record3_Line2_Word11">
          <Property key="category" value="location"/>
          <Property key="person" value="wife"/>
          <Coords points="1893,1022 2049,1022 2049,1122 1893,1122"/>
          <TextEquiv>
            <Unicode>Bara</Unicode>
          </TextEquiv>
        </Word>
      </TextLine>
    </TextRegion>
    <TextRegion id="Record4">
      <Coords points="0,0 0,0"/>
      <TextLine id="Record4_Line0">
        <Coords points="0,0 0,0"/>
        <Word id="Record4_Line0_Word0">
          <Property key="category" value="other"/>
          <Property key="person" value="none"/>
          <Coords points="411,1140 600,1140 600,1246 411,1246"/>
          <TextEquiv>
            <Unicode>Diumege</Unicode>
          </TextEquiv>
        </Word>
        <Word id="Record4_Line0_Word1">
          <Property key="category" value="other"/>
          <Property key="person" value="none"/>
          <Coords points="608,1176 646,1176 646,1217 608,1217"/>
          <TextEquiv>
            <Unicode>a</Unicode>
          </TextEquiv>
        </Word>
        <Word id="Record4_Line0_Word2">
          <Property key="category" value="other"/>
          <Property key="person" value="none"/>
          <Coords points="651,1167 705,1167 705,1226 651,1226"/>
          <TextEquiv>
            <Unicode>10</Unicode>
          </TextEquiv>
        </Word>
        <Word id="Record4_Line0_Word3">
          <Property key="category" value="other"/>
          <Property key="person" value="none"/>
          <Coords points="719,1143 863,1143 863,1217 719,1217"/>
          <TextEquiv>
            <Unicode>rebere</Unicode>
          </TextEquiv>
        </Word>
        <Word id="Record4_Line0_Word4">
          <Property key="category" value="other"/>
          <Property key="person" value="none"/>
          <Coords points="862,1151 923,1151 923,1221 862,1221"/>
          <TextEquiv>
            <Unicode>de</Unicode>
          </TextEquiv>
        </Word>
        <Word id="Record4_Line0_Word5">
          <Property key="category" value="name"/>
          <Property key="person" value="husband"/>
          <Coords points="908,1159 1038,1159 1038,1245 908,1245"/>
          <TextEquiv>
            <Unicode>Juan</Unicode>
          </TextEquiv>
        </Word>
        <Word id="Record4_Line0_Word6">
          <Property key="category" value="surname"/>
          <Property key="person" value="husband"/>
          <Coords points="1047,1151 1264,1151 1264,1221 1047,1221"/>
          <TextEquiv>
            <Unicode>Texidor</Unicode>
          </TextEquiv>
        </Word>
        <Word id="Record4_Line0_Word7">
          <Property key="category" value="occupation"/>
          <Property key="person" value="husband"/>
          <Coords points="1258,1167 1381,1167 1381,1245 1258,1245"/>
          <TextEquiv>
            <Unicode>pages</Unicode>
          </TextEquiv>
        </Word>
        <Word id="Record4_Line0_Word8">
          <Property key="category" value="other"/>
          <Property key="person" value="none"/>
          <Coords points="1391,1147 1475,1147 1475,1212 1391,1212"/>
          <TextEquiv>
            <Unicode>del</Unicode>
          </TextEquiv>
        </Word>
        <Word id="Record4_Line0_Word9">
          <Property key="category" value="location"/>
          <Property key="person" value="husband"/>
          <Coords points="1469,1153 1598,1153 1598,1237 1469,1237"/>
          <TextEquiv>
            <Unicode>regne</Unicode>
          </TextEquiv>
        </Word>
        <Word id="Record4_Line0_Word10">
          <Property key="category" value="location"/>
          <Property key="person" value="husband"/>
          <Coords points="1604,1148 1655,1148 1655,1210 1604,1210"/>
          <TextEquiv>
            <Unicode>de</Unicode>
          </TextEquiv>
        </Word>
        <Word id="Record4_Line0_Word11">
          <Property key="category" value="location"/>
          <Property key="person" value="husband"/>
          <Coords points="1641,1140 1810,1140 1810,1232 1641,1232"/>
          <TextEquiv>
            <Unicode>fransa</Unicode>
          </TextEquiv>
        </Word>
        <Word id="Record4_Line0_Word12">
          <Property key="category" value="other"/>
          <Property key="person" value="none"/>
          <Coords points="1818,1123 2023,1123 2023,1198 1818,1198"/>
          <TextEquiv>
            <Unicode>habitant</Unicode>
          </TextEquiv>
        </Word>
      </TextLine>
      <TextLine id="Record4_Line1">
        <Coords points="0,0 0,0"/>
        <Word id="Record4_Line1_Word0">
          <Property key="category" value="other"/>
          <Property key="person" value="none"/>
          <Coords points="413,1273 471,1273 471,1316 413,1316"/>
          <TextEquiv>
            <Unicode>en</Unicode>
          </TextEquiv>
        </Word>
        <Word id="Record4_Line1_Word1">
          <Property key="category" value="location"/>
          <Property key="person" value="husband"/>
          <Coords points="482,1245 552,1245 552,1316 482,1316"/>
          <TextEquiv>
            <Unicode>St</Unicode>
          </TextEquiv>
        </Word>
        <Word id="Record4_Line1_Word2">
          <Property key="category" value="location"/>
          <Property key="person" value="husband"/>
          <Coords points="560,1247 738,1247 738,1345 560,1345"/>
          <TextEquiv>
            <Unicode>Gervasi</Unicode>
          </TextEquiv>
        </Word>
        <Word id="Record4_Line1_Word3">
          <Property key="category" value="other"/>
          <Property key="person" value="none"/>
          <Coords points="760,1245 823,1245 823,1310 760,1310"/>
          <TextEquiv>
            <Unicode>ab</Unicode>
          </TextEquiv>
        </Word>
        <Word id="Record4_Line1_Word4">
          <Property key="category" value="name"/>
          <Property key="person" value="wife"/>
          <Coords points="832,1237 975,1237 975,1305 832,1305"/>
          <TextEquiv>
            <Unicode>Anna</Unicode>
          </TextEquiv>
        </Word>
        <Word id="Record4_Line1_Word5">
          <Property key="category" value="state"/>
          <Property key="person" value="wife"/>
          <Coords points="986,1242 1178,1242 1178,1336 986,1336"/>
          <TextEquiv>
            <Unicode>donsella</Unicode>
          </TextEquiv>
        </Word>
        <Word id="Record4_Line1_Word6">
          <Property key="category" value="other"/>
          <Property key="person" value="none"/>
          <Coords points="1175,1247 1311,1247 1311,1330 1175,1330"/>
          <TextEquiv>
            <Unicode>filla</Unicode>
          </TextEquiv>
        </Word>
        <Word id="Record4_Line1_Word7">
          <Property key="category" value="other"/>
          <Property key="person" value="none"/>
          <Coords points="1325,1242 1378,1242 1378,1303 1325,1303"/>
          <TextEquiv>
            <Unicode>de</Unicode>
          </TextEquiv>
        </Word>
        <Word id="Record4_Line1_Word8">
          <Property key="category" value="name"/>
          <Property key="person" value="wifes_father"/>
          <Coords points="1387,1214 1491,1214 1491,1298 1387,1298"/>
          <TextEquiv>
            <Unicode>Pere</Unicode>
          </TextEquiv>
        </Word>
        <Word id="Record4_Line1_Word9">
          <Property key="category" value="surname"/>
          <Property key="person" value="wifes_father"/>
          <Coords points="1508,1212 1659,1212 1659,1317 1508,1317"/>
          <TextEquiv>
            <Unicode>Perez</Unicode>
          </TextEquiv>
        </Word>
        <Word id="Record4_Line1_Word10">
          <Property key="category" value="occupation"/>
          <Property key="person" value="wifes_father"/>
          <Coords points="1654,1235 1899,1235 1899,1300 1654,1300"/>
          <TextEquiv>
            <Unicode>treballador</Unicode>
          </TextEquiv>
        </Word>
        <Word id="Record4_Line1_Word11">
          <Property key="category" value="other"/>
          <Property key="person" value="none"/>
          <Coords points="1918,1235 2005,1235 2005,1295 1918,1295"/>
          <TextEquiv>
            <Unicode>de</Unicode>
          </TextEquiv>
        </Word>
      </TextLine>
      <TextLine id="Record4_Line2">
        <Coords points="0,0 0,0"/>
        <Word id="Record4_Line2_Word0">
          <Property key="category" value="location"/>
          <Property key="person" value="wifes_father"/>
          <Coords points="395,1329 559,1329 559,1440 395,1440"/>
          <TextEquiv>
            <Unicode>Bara</Unicode>
          </TextEquiv>
        </Word>
        <Word id="Record4_Line2_Word1">
          <Property key="category" value="other"/>
          <Property key="person" value="none"/>
          <Coords points="555,1375 596,1375 596,1447 555,1447"/>
          <TextEquiv>
            <Unicode>y</Unicode>
          </TextEquiv>
        </Word>
        <Word id="Record4_Line2_Word2">
          <Property key="category" value="other"/>
          <Property key="person" value="none"/>
          <Coords points="608,1351 656,1351 656,1413 608,1413"/>
          <TextEquiv>
            <Unicode>de</Unicode>
          </TextEquiv>
        </Word>
        <Word id="Record4_Line2_Word3">
          <Property key="category" value="name"/>
          <Property key="person" value="wifes_mother"/>
          <Coords points="670,1344 867,1344 867,1438 670,1438"/>
          <TextEquiv>
            <Unicode>Juana</Unicode>
          </TextEquiv>
        </Word>
        <Word id="Record4_Line2_Word4">
          <Property key="category" value="other"/>
          <Property key="person" value="none"/>
          <Coords points="883,1330 1111,1330 1111,1421 883,1421"/>
          <TextEquiv>
            <Unicode>defuncts</Unicode>
          </TextEquiv>
        </Word>
      </TextLine>
    </TextRegion>
    <TextRegion id="Record5">
      <Coords points="0,0 0,0"/>
      <TextLine id="Record5_Line0">
        <Coords points="0,0 0,0"/>
        <Word id="Record5_Line0_Word0">
          <Property key="category" value="other"/>
          <Property key="person" value="none"/>
          <Coords points="417,1446 478,1446 478,1506 417,1506"/>
          <TextEquiv>
            <Unicode>dit</Unicode>
          </TextEquiv>
        </Word>
        <Word id="Record5_Line0_Word1">
          <Property key="category" value="other"/>
          <Property key="person" value="none"/>
          <Coords points="479,1453 550,1453 550,1508 479,1508"/>
          <TextEquiv>
            <Unicode>dia</Unicode>
          </TextEquiv>
        </Word>
        <Word id="Record5_Line0_Word2">
          <Property key="category" value="other"/>
          <Property key="person" value="none"/>
          <Coords points="553,1436 688,1436 688,1503 553,1503"/>
          <TextEquiv>
            <Unicode>rebere</Unicode>
          </TextEquiv>
        </Word>
        <Word id="Record5_Line0_Word3">
          <Property key="category" value="other"/>
          <Property key="person" value="none"/>
          <Coords points="692,1450 741,1450 741,1504 692,1504"/>
          <TextEquiv>
            <Unicode>de</Unicode>
          </TextEquiv>
        </Word>
        <Word id="Record5_Line0_Word4">
          <Property key="category" value="name"/>
          <Property key="person" value="husband"/>
          <Coords points="758,1429 1019,1429 1019,1503 758,1503"/>
          <TextEquiv>
            <Unicode>Barthomeu</Unicode>
          </TextEquiv>
        </Word>
        <Word id="Record5_Line0_Word5">
          <Property key="category" value="other"/>
          <Property key="person" value="none"/>
          <Coords points="1039,1432 1208,1432 1208,1499 1039,1499"/>
          <TextEquiv>
            <Unicode>#</Unicode>
          </TextEquiv>
        </Word>
        <Word id="Record5_Line0_Word6">
          <Property key="category" value="surname"/>
          <Property key="person" value="husband"/>
          <Coords points="1225,1424 1410,1424 1410,1487 1225,1487"/>
          <TextEquiv>
            <Unicode>Llorenci</Unicode>
          </TextEquiv>
        </Word>
        <Word id="Record5_Line0_Word7">
          <Property key="category" value="occupation"/>
          <Property key="person" value="husband"/>
          <Coords points="1423,1422 1616,1422 1616,1487 1423,1487"/>
          <TextEquiv>
            <Unicode>caxaler</Unicode>
          </TextEquiv>
        </Word>
        <Word id="Record5_Line0_Word8">
          <Property key="category" value="other"/>
          <Property key="person" value="none"/>
          <Coords points="1628,1431 1678,1431 1678,1489 1628,1489"/>
          <TextEquiv>
            <Unicode>de</Unicode>
          </TextEquiv>
        </Word>
        <Word id="Record5_Line0_Word9">
          <Property key="category" value="location"/>
          <Property key="person" value="husband"/>
          <Coords points="1684,1417 1843,1417 1843,1487 1684,1487"/>
          <TextEquiv>
            <Unicode>Vernet</Unicode>
          </TextEquiv>
        </Word>
        <Word id="Record5_Line0_Word10">
          <Property key="category" value="location"/>
          <Property key="person" value="husband"/>
          <Coords points="1857,1412 1998,1412 1998,1517 1857,1517"/>
          <TextEquiv>
            <Unicode>bisbat</Unicode>
          </TextEquiv>
        </Word>
      </TextLine>
      <TextLine id="Record5_Line1">
        <Coords points="0,0 0,0"/>
        <Word id="Record5_Line1_Word0">
          <Property key="category" value="location"/>
          <Property key="person" value="husband"/>
          <Coords points="415,1543 465,1543 465,1602 415,1602"/>
          <TextEquiv>
            <Unicode>de</Unicode>
          </TextEquiv>
        </Word>
        <Word id="Record5_Line1_Word1">
          <Property key="category" value="location"/>
          <Property key="person" value="husband"/>
          <Coords points="475,1529 609,1529 609,1596 475,1596"/>
          <TextEquiv>
            <Unicode>Elna</Unicode>
          </TextEquiv>
        </Word>
        <Word id="Record5_Line1_Word2">
          <Property key="category" value="other"/>
          <Property key="person" value="none"/>
          <Coords points="622,1517 828,1517 828,1589 622,1589"/>
          <TextEquiv>
            <Unicode>habitant</Unicode>
          </TextEquiv>
        </Word>
        <Word id="Record5_Line1_Word3">
          <Property key="category" value="other"/>
          <Property key="person" value="none"/>
          <Coords points="841,1545 902,1545 902,1586 841,1586"/>
          <TextEquiv>
            <Unicode>en</Unicode>
          </TextEquiv>
        </Word>
        <Word id="Record5_Line1_Word4">
          <Property key="category" value="location"/>
          <Property key="person" value="husband"/>
          <Coords points="910,1503 1058,1503 1058,1607 910,1607"/>
          <TextEquiv>
            <Unicode>Bara</Unicode>
          </TextEquiv>
        </Word>
        <Word id="Record5_Line1_Word5">
          <Property key="category" value="other"/>
          <Property key="person" value="none"/>
          <Coords points="1042,1517 1155,1517 1155,1626 1042,1626"/>
          <TextEquiv>
            <Unicode>fill</Unicode>
          </TextEquiv>
        </Word>
        <Word id="Record5_Line1_Word6">
          <Property key="category" value="other"/>
          <Property key="person" value="none"/>
          <Coords points="1172,1528 1226,1528 1226,1588 1172,1588"/>
          <TextEquiv>
            <Unicode>de</Unicode>
          </TextEquiv>
        </Word>
        <Word id="Record5_Line1_Word7">
          <Property key="category" value="name"/>
          <Property key="person" value="husbands_father"/>
          <Coords points="1272,1526 1318,1526 1318,1586 1272,1586"/>
          <TextEquiv>
            <Unicode>t</Unicode>
          </TextEquiv>
        </Word>
        <Word id="Record5_Line1_Word8">
          <Property key="category" value="surname"/>
          <Property key="person" value="husbands_father"/>
          <Coords points="1378,1507 1577,1507 1577,1584 1378,1584"/>
          <TextEquiv>
            <Unicode>Llorenci</Unicode>
          </TextEquiv>
        </Word>
        <Word id="Record5_Line1_Word9">
          <Property key="category" value="occupation"/>
          <Property key="person" value="husbands_father"/>
          <Coords points="1578,1538 1712,1538 1712,1631 1578,1631"/>
          <TextEquiv>
            <Unicode>pages</Unicode>
          </TextEquiv>
        </Word>
        <Word id="Record5_Line1_Word10">
          <Property key="category" value="other"/>
          <Property key="person" value="none"/>
          <Coords points="1711,1540 1758,1540 1758,1608 1711,1608"/>
          <TextEquiv>
            <Unicode>y</Unicode>
          </TextEquiv>
        </Word>
        <Word id="Record5_Line1_Word11">
          <Property key="category" value="other"/>
          <Property key="person" value="none"/>
          <Coords points="1762,1516 1823,1516 1823,1574 1762,1574"/>
          <TextEquiv>
            <Unicode>de</Unicode>
          </TextEquiv>
        </Word>
        <Word id="Record5_Line1_Word12">
          <Property key="category" value="name"/>
          <Property key="person" value="husbands_mother"/>
          <Coords points="1845,1512 1887,1512 1887,1567 1845,1567"/>
          <TextEquiv>
            <Unicode>t</Unicode>
          </TextEquiv>
        </Word>
        <Word id="Record5_Line1_Word13">
          <Property key="category" value="other"/>
          <Property key="person" value="none"/>
          <Coords points="1910,1467 2064,1467 2064,1584 1910,1584"/>
          <TextEquiv>
            <Unicode>defucts</Unicode>
          </TextEquiv>
        </Word>
      </TextLine>
      <TextLine id="Record5_Line2">
        <Coords points="0,0 0,0"/>
        <Word id="Record5_Line2_Word0">
          <Property key="category" value="other"/>
          <Property key="person" value="none"/>
          <Coords points="417,1623 487,1623 487,1688 417,1688"/>
          <TextEquiv>
            <Unicode>ab</Unicode>
          </TextEquiv>
        </Word>
        <Word id="Record5_Line2_Word1">
          <Property key="category" value="name"/>
          <Property key="person" value="wife"/>
          <Coords points="491,1611 779,1611 779,1719 491,1719"/>
          <TextEquiv>
            <Unicode>Maryanna</Unicode>
          </TextEquiv>
        </Word>
        <Word id="Record5_Line2_Word2">
          <Property key="category" value="state"/>
          <Property key="person" value="wife"/>
          <Coords points="799,1611 999,1611 999,1721 799,1721"/>
          <TextEquiv>
            <Unicode>donsella</Unicode>
          </TextEquiv>
        </Word>
        <Word id="Record5_Line2_Word3">
          <Property key="category" value="other"/>
          <Property key="person" value="none"/>
          <Coords points="997,1620 1143,1620 1143,1702 997,1702"/>
          <TextEquiv>
            <Unicode>filla</Unicode>
          </TextEquiv>
        </Word>
        <Word id="Record5_Line2_Word4">
          <Property key="category" value="other"/>
          <Property key="person" value="none"/>
          <Coords points="1165,1618 1220,1618 1220,1679 1165,1679"/>
          <TextEquiv>
            <Unicode>de</Unicode>
          </TextEquiv>
        </Word>
        <Word id="Record5_Line2_Word5">
          <Property key="category" value="name"/>
          <Property key="person" value="wifes_father"/>
          <Coords points="1306,1616 1344,1616 1344,1671 1306,1671"/>
          <TextEquiv>
            <Unicode>t</Unicode>
          </TextEquiv>
        </Word>
        <Word id="Record5_Line2_Word6">
          <Property key="category" value="surname"/>
          <Property key="person" value="wifes_father"/>
          <Coords points="1419,1602 1614,1602 1614,1678 1419,1678"/>
          <TextEquiv>
            <Unicode>Colomer</Unicode>
          </TextEquiv>
        </Word>
        <Word id="Record5_Line2_Word7">
          <Property key="category" value="occupation"/>
          <Property key="person" value="wifes_father"/>
          <Coords points="1628,1614 1802,1614 1802,1702 1628,1702"/>
          <TextEquiv>
            <Unicode>aguller</Unicode>
          </TextEquiv>
        </Word>
        <Word id="Record5_Line2_Word8">
          <Property key="category" value="other"/>
          <Property key="person" value="none"/>
          <Coords points="1797,1626 1853,1626 1853,1709 1797,1709"/>
          <TextEquiv>
            <Unicode>y</Unicode>
          </TextEquiv>
        </Word>
        <Word id="Record5_Line2_Word9">
          <Property key="category" value="other"/>
          <Property key="person" value="none"/>
          <Coords points="1859,1604 1913,1604 1913,1664 1859,1664"/>
          <TextEquiv>
            <Unicode>de</Unicode>
          </TextEquiv>
        </Word>
        <Word id="Record5_Line2_Word10">
          <Property key="category" value="name"/>
          <Property key="person" value="wifes_mother"/>
          <Coords points="1927,1602 1977,1602 1977,1658 1927,1658"/>
          <TextEquiv>
            <Unicode>t</Unicode>
          </TextEquiv>
        </Word>
      </TextLine>
      <TextLine id="Record5_Line3">
        <Coords points="0,0 0,0"/>
        <Word id="Record5_Line3_Word0">
          <Property key="category" value="other"/>
          <Property key="person" value="none"/>
          <Coords points="408,1718 669,1718 669,1806 408,1806"/>
          <TextEquiv>
            <Unicode>defuncta</Unicode>
          </TextEquiv>
        </Word>
      </TextLine>
    </TextRegion>
    <TextRegion id="Record6">
      <Coords points="0,0 0,0"/>
      <TextLine id="Record6_Line0">
        <Coords points="0,0 0,0"/>
        <Word id="Record6_Line0_Word0">
          <Property key="category" value="other"/>
          <Property key="person" value="none"/>
          <Coords points="408,1800 580,1800 580,1872 408,1872"/>
          <TextEquiv>
            <Unicode>Dilluns</Unicode>
          </TextEquiv>
        </Word>
        <Word id="Record6_Line0_Word1">
          <Property key="category" value="other"/>
          <Property key="person" value="none"/>
          <Coords points="595,1826 633,1826 633,1865 595,1865"/>
          <TextEquiv>
            <Unicode>a</Unicode>
          </TextEquiv>
        </Word>
        <Word id="Record6_Line0_Word2">
          <Property key="category" value="other"/>
          <Property key="person" value="none"/>
          <Coords points="646,1822 686,1822 686,1865 646,1865"/>
          <TextEquiv>
            <Unicode>11</Unicode>
          </TextEquiv>
        </Word>
        <Word id="Record6_Line0_Word3">
          <Property key="category" value="other"/>
          <Property key="person" value="none"/>
          <Coords points="705,1784 860,1784 860,1860 705,1860"/>
          <TextEquiv>
            <Unicode>rebere</Unicode>
          </TextEquiv>
        </Word>
        <Word id="Record6_Line0_Word4">
          <Property key="category" value="other"/>
          <Property key="person" value="none"/>
          <Coords points="862,1803 915,1803 915,1863 862,1863"/>
          <TextEquiv>
            <Unicode>de</Unicode>
          </TextEquiv>
        </Word>
        <Word id="Record6_Line0_Word5">
          <Property key="category" value="name"/>
          <Property key="person" value="husband"/>
          <Coords points="904,1747 1091,1747 1091,1886 904,1886"/>
          <TextEquiv>
            <Unicode>franch</Unicode>
          </TextEquiv>
        </Word>
        <Word id="Record6_Line0_Word6">
          <Property key="category" value="surname"/>
          <Property key="person" value="husband"/>
          <Coords points="1092,1786 1291,1786 1291,1891 1092,1891"/>
          <TextEquiv>
            <Unicode>Company</Unicode>
          </TextEquiv>
        </Word>
        <Word id="Record6_Line0_Word7">
          <Property key="category" value="occupation"/>
          <Property key="person" value="husband"/>
          <Coords points="1299,1805 1436,1805 1436,1887 1299,1887"/>
          <TextEquiv>
            <Unicode>pages</Unicode>
          </TextEquiv>
        </Word>
        <Word id="Record6_Line0_Word8">
          <Property key="category" value="other"/>
          <Property key="person" value="none"/>
          <Coords points="1447,1793 1500,1793 1500,1854 1447,1854"/>
          <TextEquiv>
            <Unicode>de</Unicode>
          </TextEquiv>
        </Word>
        <Word id="Record6_Line0_Word9">
          <Property key="category" value="location"/>
          <Property key="person" value="husband"/>
          <Coords points="1504,1767 1599,1767 1599,1856 1504,1856"/>
          <TextEquiv>
            <Unicode>St</Unicode>
          </TextEquiv>
        </Word>
        <Word id="Record6_Line0_Word10">
          <Property key="category" value="location"/>
          <Property key="person" value="husband"/>
          <Coords points="1589,1775 1765,1775 1765,1846 1589,1846"/>
          <TextEquiv>
            <Unicode>Sadorni</Unicode>
          </TextEquiv>
        </Word>
        <Word id="Record6_Line0_Word11">
          <Property key="category" value="location"/>
          <Property key="person" value="husband"/>
          <Coords points="1765,1782 1818,1782 1818,1842 1765,1842"/>
          <TextEquiv>
            <Unicode>de</Unicode>
          </TextEquiv>
        </Word>
        <Word id="Record6_Line0_Word12">
          <Property key="category" value="location"/>
          <Property key="person" value="husband"/>
          <Coords points="1827,1770 1896,1770 1896,1844 1827,1844"/>
          <TextEquiv>
            <Unicode>la</Unicode>
          </TextEquiv>
        </Word>
        <Word id="Record6_Line0_Word13">
          <Property key="category" value="location"/>
          <Property key="person" value="husband"/>
          <Coords points="1905,1757 2083,1757 2083,1839 1905,1839"/>
          <TextEquiv>
            <Unicode>Rocha</Unicode>
          </TextEquiv>
        </Word>
      </TextLine>
      <TextLine id="Record6_Line1">
        <Coords points="0,0 0,0"/>
        <Word id="Record6_Line1_Word0">
          <Property key="category" value="other"/>
          <Property key="person" value="none"/>
          <Coords points="388,1898 488,1898 488,1982 388,1982"/>
          <TextEquiv>
            <Unicode>fill</Unicode>
          </TextEquiv>
        </Word>
        <Word id="Record6_Line1_Word1">
          <Property key="category" value="other"/>
          <Property key="person" value="none"/>
          <Coords points="507,1898 561,1898 561,1960 507,1960"/>
          <TextEquiv>
            <Unicode>de</Unicode>
          </TextEquiv>
        </Word>
        <Word id="Record6_Line1_Word2">
          <Property key="category" value="name"/>
          <Property key="person" value="husbands_father"/>
          <Coords points="571,1888 777,1888 777,1991 571,1991"/>
          <TextEquiv>
            <Unicode>Miquel</Unicode>
          </TextEquiv>
        </Word>
        <Word id="Record6_Line1_Word3">
          <Property key="category" value="surname"/>
          <Property key="person" value="husbands_father"/>
          <Coords points="799,1892 1015,1892 1015,1982 799,1982"/>
          <TextEquiv>
            <Unicode>Company</Unicode>
          </TextEquiv>
        </Word>
        <Word id="Record6_Line1_Word4">
          <Property key="category" value="other"/>
          <Property key="person" value="none"/>
          <Coords points="1020,1888 1116,1888 1116,1974 1020,1974"/>
          <TextEquiv>
            <Unicode>#</Unicode>
          </TextEquiv>
        </Word>
        <Word id="Record6_Line1_Word5">
          <Property key="category" value="occupation"/>
          <Property key="person" value="husbands_father"/>
          <Coords points="1106,1907 1226,1907 1226,1982 1106,1982"/>
          <TextEquiv>
            <Unicode>pages</Unicode>
          </TextEquiv>
        </Word>
        <Word id="Record6_Line1_Word6">
          <Property key="category" value="other"/>
          <Property key="person" value="none"/>
          <Coords points="1248,1890 1443,1890 1443,1958 1248,1958"/>
          <TextEquiv>
            <Unicode>defunct</Unicode>
          </TextEquiv>
        </Word>
        <Word id="Record6_Line1_Word7">
          <Property key="category" value="other"/>
          <Property key="person" value="none"/>
          <Coords points="1437,1900 1486,1900 1486,1978 1437,1978"/>
          <TextEquiv>
            <Unicode>y</Unicode>
          </TextEquiv>
        </Word>
        <Word id="Record6_Line1_Word8">
          <Property key="category" value="other"/>
          <Property key="person" value="none"/>
          <Coords points="1490,1881 1542,1881 1542,1946 1490,1946"/>
          <TextEquiv>
            <Unicode>de</Unicode>
          </TextEquiv>
        </Word>
        <Word id="Record6_Line1_Word9">
          <Property key="category" value="name"/>
          <Property key="person" value="husbands_mother"/>
          <Coords points="1559,1878 1790,1878 1790,1946 1559,1946"/>
          <TextEquiv>
            <Unicode>Catherina</Unicode>
          </TextEquiv>
        </Word>
        <Word id="Record6_Line1_Word10">
          <Property key="category" value="other"/>
          <Property key="person" value="none"/>
          <Coords points="1822,1871 1903,1871 1903,1945 1822,1945"/>
          <TextEquiv>
            <Unicode>ab</Unicode>
          </TextEquiv>
        </Word>
        <Word id="Record6_Line1_Word11">
          <Property key="category" value="name"/>
          <Property key="person" value="wife"/>
          <Coords points="1907,1846 2092,1846 2092,1941 1907,1941"/>
          <TextEquiv>
            <Unicode>Eularia</Unicode>
          </TextEquiv>
        </Word>
      </TextLine>
      <TextLine id="Record6_Line2">
        <Coords points="0,0 0,0"/>
        <Word id="Record6_Line2_Word0">
          <Property key="category" value="state"/>
          <Property key="person" value="wife"/>
          <Coords points="397,1985 605,1985 605,2086 397,2086"/>
          <TextEquiv>
            <Unicode>donsella</Unicode>
          </TextEquiv>
        </Word>
        <Word id="Record6_Line2_Word1">
          <Property key="category" value="other"/>
          <Property key="person" value="none"/>
          <Coords points="613,1994 745,1994 745,2078 613,2078"/>
          <TextEquiv>
            <Unicode>filla</Unicode>
          </TextEquiv>
        </Word>
        <Word id="Record6_Line2_Word2">
          <Property key="category" value="other"/>
          <Property key="person" value="none"/>
          <Coords points="756,1996 807,1996 807,2061 756,2061"/>
          <TextEquiv>
            <Unicode>de</Unicode>
          </TextEquiv>
        </Word>
        <Word id="Record6_Line2_Word3">
          <Property key="category" value="name"/>
          <Property key="person" value="wifes_father"/>
          <Coords points="820,1966 1014,1966 1014,2052 820,2052"/>
          <TextEquiv>
            <Unicode>Antoni</Unicode>
          </TextEquiv>
        </Word>
        <Word id="Record6_Line2_Word4">
          <Property key="category" value="surname"/>
          <Property key="person" value="wifes_father"/>
          <Coords points="1032,1963 1305,1963 1305,2082 1032,2082"/>
          <TextEquiv>
            <Unicode>Brustenga</Unicode>
          </TextEquiv>
        </Word>
        <Word id="Record6_Line2_Word5">
          <Property key="category" value="occupation"/>
          <Property key="person" value="wifes_father"/>
          <Coords points="1320,1997 1464,1997 1464,2090 1320,2090"/>
          <TextEquiv>
            <Unicode>pages</Unicode>
          </TextEquiv>
        </Word>
        <Word id="Record6_Line2_Word6">
          <Property key="category" value="other"/>
          <Property key="person" value="none"/>
          <Coords points="1481,1980 1533,1980 1533,2045 1481,2045"/>
          <TextEquiv>
            <Unicode>de</Unicode>
          </TextEquiv>
        </Word>
        <Word id="Record6_Line2_Word7">
          <Property key="category" value="location"/>
          <Property key="person" value="wifes_father"/>
          <Coords points="1543,1957 1655,1957 1655,2045 1543,2045"/>
          <TextEquiv>
            <Unicode>Sta</Unicode>
          </TextEquiv>
        </Word>
        <Word id="Record6_Line2_Word8">
          <Property key="category" value="location"/>
          <Property key="person" value="wifes_father"/>
          <Coords points="1626,1959 1828,1959 1828,2053 1626,2053"/>
          <TextEquiv>
            <Unicode>Eularia</Unicode>
          </TextEquiv>
        </Word>
        <Word id="Record6_Line2_Word9">
          <Property key="category" value="location"/>
          <Property key="person" value="wifes_father"/>
          <Coords points="1838,1983 1906,1983 1906,2047 1838,2047"/>
          <TextEquiv>
            <Unicode>de</Unicode>
          </TextEquiv>
        </Word>
        <Word id="Record6_Line2_Word10">
          <Property key="category" value="location"/>
          <Property key="person" value="wifes_father"/>
          <Coords points="1903,1950 2030,1950 2030,2040 1903,2040"/>
          <TextEquiv>
            <Unicode>Ro=</Unicode>
          </TextEquiv>
        </Word>
      </TextLine>
      <TextLine id="Record6_Line3">
        <Coords points="0,0 0,0"/>
        <Word id="Record6_Line3_Word0">
          <Property key="category" value="location"/>
          <Property key="person" value="wifes_father"/>
          <Coords points="383,2087 526,2087 526,2178 383,2178"/>
          <TextEquiv>
            <Unicode>sana</Unicode>
          </TextEquiv>
        </Word>
        <Word id="Record6_Line3_Word1">
          <Property key="category" value="other"/>
          <Property key="person" value="none"/>
          <Coords points="535,2113 580,2113 580,2184 535,2184"/>
          <TextEquiv>
            <Unicode>y</Unicode>
          </TextEquiv>
        </Word>
        <Word id="Record6_Line3_Word2">
          <Property key="category" value="other"/>
          <Property key="person" value="none"/>
          <Coords points="586,2091 642,2091 642,2152 586,2152"/>
          <TextEquiv>
            <Unicode>de</Unicode>
          </TextEquiv>
        </Word>
        <Word id="Record6_Line3_Word3">
          <Property key="category" value="name"/>
          <Property key="person" value="wifes_mother"/>
          <Coords points="657,2060 862,2060 862,2155 657,2155"/>
          <TextEquiv>
            <Unicode>Eularia</Unicode>
          </TextEquiv>
        </Word>
        <Word id="Record6_Line3_Word4">
          <Property key="category" value="other"/>
          <Property key="person" value="none"/>
          <Coords points="878,2077 1120,2077 1120,2171 878,2171"/>
          <TextEquiv>
            <Unicode>defuncts</Unicode>
          </TextEquiv>
        </Word>
      </TextLine>
    </TextRegion>
    <TextRegion id="Record7">
      <Coords points="0,0 0,0"/>
      <TextLine id="Record7_Line0">
        <Coords points="0,0 0,0"/>
        <Word id="Record7_Line0_Word0">
          <Property key="category" value="other"/>
          <Property key="person" value="none"/>
          <Coords points="396,2180 565,2180 565,2251 396,2251"/>
          <TextEquiv>
            <Unicode>Dimars</Unicode>
          </TextEquiv>
        </Word>
        <Word id="Record7_Line0_Word1">
          <Property key="category" value="other"/>
          <Property key="person" value="none"/>
          <Coords points="579,2203 617,2203 617,2235 579,2235"/>
          <TextEquiv>
            <Unicode>a</Unicode>
          </TextEquiv>
        </Word>
        <Word id="Record7_Line0_Word2">
          <Property key="category" value="other"/>
          <Property key="person" value="none"/>
          <Coords points="623,2194 692,2194 692,2239 623,2239"/>
          <TextEquiv>
            <Unicode>12</Unicode>
          </TextEquiv>
        </Word>
        <Word id="Record7_Line0_Word3">
          <Property key="category" value="other"/>
          <Property key="person" value="none"/>
          <Coords points="712,2169 851,2169 851,2240 712,2240"/>
          <TextEquiv>
            <Unicode>rebere</Unicode>
          </TextEquiv>
        </Word>
        <Word id="Record7_Line0_Word4">
          <Property key="category" value="other"/>
          <Property key="person" value="none"/>
          <Coords points="861,2185 914,2185 914,2240 861,2240"/>
          <TextEquiv>
            <Unicode>de</Unicode>
          </TextEquiv>
        </Word>
        <Word id="Record7_Line0_Word5">
          <Property key="category" value="name"/>
          <Property key="person" value="husband"/>
          <Coords points="913,2171 1022,2171 1022,2264 913,2264"/>
          <TextEquiv>
            <Unicode>Jua</Unicode>
          </TextEquiv>
        </Word>
        <Word id="Record7_Line0_Word6">
          <Property key="category" value="surname"/>
          <Property key="person" value="husband"/>
          <Coords points="1023,2154 1150,2154 1150,2240 1023,2240"/>
          <TextEquiv>
            <Unicode>Petit</Unicode>
          </TextEquiv>
        </Word>
        <Word id="Record7_Line0_Word7">
          <Property key="category" value="occupation"/>
          <Property key="person" value="husband"/>
          <Coords points="1154,2189 1295,2189 1295,2277 1154,2277"/>
          <TextEquiv>
            <Unicode>pages</Unicode>
          </TextEquiv>
        </Word>
        <Word id="Record7_Line0_Word8">
          <Property key="category" value="other"/>
          <Property key="person" value="none"/>
          <Coords points="1313,2171 1366,2171 1366,2231 1313,2231"/>
          <TextEquiv>
            <Unicode>de</Unicode>
          </TextEquiv>
        </Word>
        <Word id="Record7_Line0_Word9">
          <Property key="category" value="location"/>
          <Property key="person" value="husband"/>
          <Coords points="1381,2162 1563,2162 1563,2230 1381,2230"/>
          <TextEquiv>
            <Unicode>Olivella</Unicode>
          </TextEquiv>
        </Word>
        <Word id="Record7_Line0_Word10">
          <Property key="category" value="other"/>
          <Property key="person" value="none"/>
          <Coords points="1580,2154 1784,2154 1784,2228 1580,2228"/>
          <TextEquiv>
            <Unicode>habitant</Unicode>
          </TextEquiv>
        </Word>
        <Word id="Record7_Line0_Word11">
          <Property key="category" value="other"/>
          <Property key="person" value="none"/>
          <Coords points="1793,2185 1853,2185 1853,2224 1793,2224"/>
          <TextEquiv>
            <Unicode>en</Unicode>
          </TextEquiv>
        </Word>
        <Word id="Record7_Line0_Word12">
          <Property key="category" value="location"/>
          <Property key="person" value="husband"/>
          <Coords points="1864,2165 2002,2165 2002,2255 1864,2255"/>
          <TextEquiv>
            <Unicode>Sitges</Unicode>
          </TextEquiv>
        </Word>
      </TextLine>
      <TextLine id="Record7_Line1">
        <Coords points="0,0 0,0"/>
        <Word id="Record7_Line1_Word0">
          <Property key="category" value="other"/>
          <Property key="person" value="none"/>
          <Coords points="387,2258 491,2258 491,2347 387,2347"/>
          <TextEquiv>
            <Unicode>fill</Unicode>
          </TextEquiv>
        </Word>
        <Word id="Record7_Line1_Word1">
          <Property key="category" value="other"/>
          <Property key="person" value="none"/>
          <Coords points="512,2258 571,2258 571,2327 512,2327"/>
          <TextEquiv>
            <Unicode>de</Unicode>
          </TextEquiv>
        </Word>
        <Word id="Record7_Line1_Word2">
          <Property key="category" value="name"/>
          <Property key="person" value="husbands_father"/>
          <Coords points="628,2274 668,2274 668,2322 628,2322"/>
          <TextEquiv>
            <Unicode>t</Unicode>
          </TextEquiv>
        </Word>
        <Word id="Record7_Line1_Word3">
          <Property key="category" value="surname"/>
          <Property key="person" value="husbands_father"/>
          <Coords points="728,2249 849,2249 849,2329 728,2329"/>
          <TextEquiv>
            <Unicode>Petit</Unicode>
          </TextEquiv>
        </Word>
        <Word id="Record7_Line1_Word4">
          <Property key="category" value="occupation"/>
          <Property key="person" value="husbands_father"/>
          <Coords points="852,2290 980,2290 980,2373 852,2373"/>
          <TextEquiv>
            <Unicode>pages</Unicode>
          </TextEquiv>
        </Word>
        <Word id="Record7_Line1_Word5">
          <Property key="category" value="other"/>
          <Property key="person" value="none"/>
          <Coords points="996,2274 1050,2274 1050,2335 996,2335"/>
          <TextEquiv>
            <Unicode>de</Unicode>
          </TextEquiv>
        </Word>
        <Word id="Record7_Line1_Word6">
          <Property key="category" value="location"/>
          <Property key="person" value="husbands_father"/>
          <Coords points="1066,2263 1273,2263 1273,2329 1066,2329"/>
          <TextEquiv>
            <Unicode>Olivella</Unicode>
          </TextEquiv>
        </Word>
        <Word id="Record7_Line1_Word7">
          <Property key="category" value="other"/>
          <Property key="person" value="none"/>
          <Coords points="1272,2285 1323,2285 1323,2358 1272,2358"/>
          <TextEquiv>
            <Unicode>y</Unicode>
          </TextEquiv>
        </Word>
        <Word id="Record7_Line1_Word8">
          <Property key="category" value="other"/>
          <Property key="person" value="none"/>
          <Coords points="1318,2261 1368,2261 1368,2322 1318,2322"/>
          <TextEquiv>
            <Unicode>de</Unicode>
          </TextEquiv>
        </Word>
        <Word id="Record7_Line1_Word9">
          <Property key="category" value="name"/>
          <Property key="person" value="husbands_mother"/>
          <Coords points="1368,2260 1537,2260 1537,2356 1368,2356"/>
          <TextEquiv>
            <Unicode>Juana</Unicode>
          </TextEquiv>
        </Word>
        <Word id="Record7_Line1_Word10">
          <Property key="category" value="other"/>
          <Property key="person" value="none"/>
          <Coords points="1555,2256 1773,2256 1773,2349 1555,2349"/>
          <TextEquiv>
            <Unicode>defuncts</Unicode>
          </TextEquiv>
        </Word>
        <Word id="Record7_Line1_Word11">
          <Property key="category" value="other"/>
          <Property key="person" value="none"/>
          <Coords points="1785,2260 1860,2260 1860,2320 1785,2320"/>
          <TextEquiv>
            <Unicode>ab</Unicode>
          </TextEquiv>
        </Word>
        <Word id="Record7_Line1_Word12">
          <Property key="category" value="name"/>
          <Property key="person" value="wife"/>
          <Coords points="1863,2243 2065,2243 2065,2356 1863,2356"/>
          <TextEquiv>
            <Unicode>Angela</Unicode>
          </TextEquiv>
        </Word>
      </TextLine>
      <TextLine id="Record7_Line2">
        <Coords points="0,0 0,0"/>
        <Word id="Record7_Line2_Word0">
          <Property key="category" value="state"/>
          <Property key="person" value="wife"/>
          <Coords points="393,2352 589,2352 589,2454 393,2454"/>
          <TextEquiv>
            <Unicode>donsella</Unicode>
          </TextEquiv>
        </Word>
        <Word id="Record7_Line2_Word1">
          <Property key="category" value="other"/>
          <Property key="person" value="none"/>
          <Coords points="586,2352 729,2352 729,2450 586,2450"/>
          <TextEquiv>
            <Unicode>filla</Unicode>
          </TextEquiv>
        </Word>
        <Word id="Record7_Line2_Word2">
          <Property key="category" value="other"/>
          <Property key="person" value="none"/>
          <Coords points="759,2370 814,2370 814,2429 759,2429"/>
          <TextEquiv>
            <Unicode>de</Unicode>
          </TextEquiv>
        </Word>
        <Word id="Record7_Line2_Word3">
          <Property key="category" value="name"/>
          <Property key="person" value="wifes_father"/>
          <Coords points="841,2362 980,2362 980,2467 841,2467"/>
          <TextEquiv>
            <Unicode>Magi</Unicode>
          </TextEquiv>
        </Word>
        <Word id="Record7_Line2_Word4">
          <Property key="category" value="surname"/>
          <Property key="person" value="wifes_father"/>
          <Coords points="986,2361 1152,2361 1152,2429 986,2429"/>
          <TextEquiv>
            <Unicode>Oliver</Unicode>
          </TextEquiv>
        </Word>
        <Word id="Record7_Line2_Word5">
          <Property key="category" value="occupation"/>
          <Property key="person" value="wifes_father"/>
          <Coords points="1145,2377 1290,2377 1290,2474 1145,2474"/>
          <TextEquiv>
            <Unicode>pages</Unicode>
          </TextEquiv>
        </Word>
        <Word id="Record7_Line2_Word6">
          <Property key="category" value="other"/>
          <Property key="person" value="none"/>
          <Coords points="1309,2362 1358,2362 1358,2421 1309,2421"/>
          <TextEquiv>
            <Unicode>de</Unicode>
          </TextEquiv>
        </Word>
        <Word id="Record7_Line2_Word7">
          <Property key="category" value="location"/>
          <Property key="person" value="wifes_father"/>
          <Coords points="1378,2357 1532,2357 1532,2454 1378,2454"/>
          <TextEquiv>
            <Unicode>Sitges</Unicode>
          </TextEquiv>
        </Word>
        <Word id="Record7_Line2_Word8">
          <Property key="category" value="other"/>
          <Property key="person" value="none"/>
          <Coords points="1551,2353 1746,2353 1746,2446 1551,2446"/>
          <TextEquiv>
            <Unicode>defunct</Unicode>
          </TextEquiv>
        </Word>
        <Word id="Record7_Line2_Word9">
          <Property key="category" value="other"/>
          <Property key="person" value="none"/>
          <Coords points="1715,2383 1796,2383 1796,2446 1715,2446"/>
          <TextEquiv>
            <Unicode>y</Unicode>
          </TextEquiv>
        </Word>
        <Word id="Record7_Line2_Word10">
          <Property key="category" value="other"/>
          <Property key="person" value="none"/>
          <Coords points="1802,2357 1860,2357 1860,2420 1802,2420"/>
          <TextEquiv>
            <Unicode>de</Unicode>
          </TextEquiv>
        </Word>
        <Word id="Record7_Line2_Word11">
          <Property key="category" value="name"/>
          <Property key="person" value="wifes_mother"/>
          <Coords points="1853,2328 2069,2328 2069,2441 1853,2441"/>
          <TextEquiv>
            <Unicode>Hierona</Unicode>
          </TextEquiv>
        </Word>
      </TextLine>
    </TextRegion>
    <TextRegion id="Record8">
      <Coords points="0,0 0,0"/>
      <TextLine id="Record8_Line0">
        <Coords points="0,0 0,0"/>
        <Word id="Record8_Line0_Word0">
          <Property key="category" value="other"/>
          <Property key="person" value="none"/>
          <Coords points="398,2447 465,2447 465,2515 398,2515"/>
          <TextEquiv>
            <Unicode>dit</Unicode>
          </TextEquiv>
        </Word>
        <Word id="Record8_Line0_Word1">
          <Property key="category" value="other"/>
          <Property key="person" value="none"/>
          <Coords points="468,2460 539,2460 539,2515 468,2515"/>
          <TextEquiv>
            <Unicode>dia</Unicode>
          </TextEquiv>
        </Word>
        <Word id="Record8_Line0_Word2">
          <Property key="category" value="other"/>
          <Property key="person" value="none"/>
          <Coords points="551,2455 683,2455 683,2521 551,2521"/>
          <TextEquiv>
            <Unicode>rebere</Unicode>
          </TextEquiv>
        </Word>
        <Word id="Record8_Line0_Word3">
          <Property key="category" value="other"/>
          <Property key="person" value="none"/>
          <Coords points="693,2466 751,2466 751,2523 693,2523"/>
          <TextEquiv>
            <Unicode>de</Unicode>
          </TextEquiv>
        </Word>
        <Word id="Record8_Line0_Word4">
          <Property key="category" value="name"/>
          <Property key="person" value="husband"/>
          <Coords points="771,2444 952,2444 952,2523 771,2523"/>
          <TextEquiv>
            <Unicode>Bernat</Unicode>
          </TextEquiv>
        </Word>
        <Word id="Record8_Line0_Word5">
          <Property key="category" value="surname"/>
          <Property key="person" value="husband"/>
          <Coords points="963,2447 1146,2447 1146,2524 963,2524"/>
          <TextEquiv>
            <Unicode>Borrell</Unicode>
          </TextEquiv>
        </Word>
        <Word id="Record8_Line0_Word6">
          <Property key="category" value="occupation"/>
          <Property key="person" value="husband"/>
          <Coords points="1147,2469 1353,2469 1353,2548 1147,2548"/>
          <TextEquiv>
            <Unicode>negociant</Unicode>
          </TextEquiv>
        </Word>
        <Word id="Record8_Line0_Word7">
          <Property key="category" value="other"/>
          <Property key="person" value="none"/>
          <Coords points="1368,2455 1569,2455 1569,2517 1368,2517"/>
          <TextEquiv>
            <Unicode>habitant</Unicode>
          </TextEquiv>
        </Word>
        <Word id="Record8_Line0_Word8">
          <Property key="category" value="other"/>
          <Property key="person" value="none"/>
          <Coords points="1575,2480 1637,2480 1637,2523 1575,2523"/>
          <TextEquiv>
            <Unicode>en</Unicode>
          </TextEquiv>
        </Word>
        <Word id="Record8_Line0_Word9">
          <Property key="category" value="location"/>
          <Property key="person" value="husband"/>
          <Coords points="1651,2442 1797,2442 1797,2539 1651,2539"/>
          <TextEquiv>
            <Unicode>Bara</Unicode>
          </TextEquiv>
        </Word>
        <Word id="Record8_Line0_Word10">
          <Property key="category" value="other"/>
          <Property key="person" value="none"/>
          <Coords points="1787,2460 1891,2460 1891,2535 1787,2535"/>
          <TextEquiv>
            <Unicode>fill</Unicode>
          </TextEquiv>
        </Word>
        <Word id="Record8_Line0_Word11">
          <Property key="category" value="other"/>
          <Property key="person" value="none"/>
          <Coords points="1898,2464 1978,2464 1978,2521 1898,2521"/>
          <TextEquiv>
            <Unicode>de</Unicode>
          </TextEquiv>
        </Word>
      </TextLine>
      <TextLine id="Record8_Line1">
        <Coords points="0,0 0,0"/>
        <Word id="Record8_Line1_Word0">
          <Property key="category" value="name"/>
          <Property key="person" value="husbands_father"/>
          <Coords points="405,2534 517,2534 517,2609 405,2609"/>
          <TextEquiv>
            <Unicode>Pere</Unicode>
          </TextEquiv>
        </Word>
        <Word id="Record8_Line1_Word1">
          <Property key="category" value="surname"/>
          <Property key="person" value="husbands_father"/>
          <Coords points="527,2530 700,2530 700,2611 527,2611"/>
          <TextEquiv>
            <Unicode>Borrell</Unicode>
          </TextEquiv>
        </Word>
        <Word id="Record8_Line1_Word2">
          <Property key="category" value="occupation"/>
          <Property key="person" value="husbands_father"/>
          <Coords points="712,2545 851,2545 851,2633 712,2633"/>
          <TextEquiv>
            <Unicode>baster</Unicode>
          </TextEquiv>
        </Word>
        <Word id="Record8_Line1_Word3">
          <Property key="category" value="other"/>
          <Property key="person" value="none"/>
          <Coords points="861,2556 917,2556 917,2609 861,2609"/>
          <TextEquiv>
            <Unicode>de</Unicode>
          </TextEquiv>
        </Word>
        <Word id="Record8_Line1_Word4">
          <Property key="category" value="location"/>
          <Property key="person" value="husbands_father"/>
          <Coords points="931,2547 1102,2547 1102,2644 931,2644"/>
          <TextEquiv>
            <Unicode>Girona</Unicode>
          </TextEquiv>
        </Word>
        <Word id="Record8_Line1_Word5">
          <Property key="category" value="other"/>
          <Property key="person" value="none"/>
          <Coords points="1095,2578 1152,2578 1152,2637 1095,2637"/>
          <TextEquiv>
            <Unicode>y</Unicode>
          </TextEquiv>
        </Word>
        <Word id="Record8_Line1_Word6">
          <Property key="category" value="other"/>
          <Property key="person" value="none"/>
          <Coords points="1169,2554 1222,2554 1222,2618 1169,2618"/>
          <TextEquiv>
            <Unicode>de</Unicode>
          </TextEquiv>
        </Word>
        <Word id="Record8_Line1_Word7">
          <Property key="category" value="name"/>
          <Property key="person" value="husbands_mother"/>
          <Coords points="1236,2540 1412,2540 1412,2618 1236,2618"/>
          <TextEquiv>
            <Unicode>Elienor</Unicode>
          </TextEquiv>
        </Word>
        <Word id="Record8_Line1_Word8">
          <Property key="category" value="other"/>
          <Property key="person" value="none"/>
          <Coords points="1422,2551 1620,2551 1620,2637 1422,2637"/>
          <TextEquiv>
            <Unicode>defuncta</Unicode>
          </TextEquiv>
        </Word>
        <Word id="Record8_Line1_Word9">
          <Property key="category" value="other"/>
          <Property key="person" value="none"/>
          <Coords points="1630,2551 1709,2551 1709,2618 1630,2618"/>
          <TextEquiv>
            <Unicode>ab</Unicode>
          </TextEquiv>
        </Word>
        <Word id="Record8_Line1_Word10">
          <Property key="category" value="name"/>
          <Property key="person" value="wife"/>
          <Coords points="1710,2549 1978,2549 1978,2616 1710,2616"/>
          <TextEquiv>
            <Unicode>Catherina</Unicode>
          </TextEquiv>
        </Word>
      </TextLine>
      <TextLine id="Record8_Line2">
        <Coords points="0,0 0,0"/>
        <Word id="Record8_Line2_Word0">
          <Property key="category" value="state"/>
          <Property key="person" value="wife"/>
          <Coords points="400,2641 532,2641 532,2698 400,2698"/>
          <TextEquiv>
            <Unicode>viuda</Unicode>
          </TextEquiv>
        </Word>
        <Word id="Record8_Line2_Word1">
          <Property key="category" value="other"/>
          <Property key="person" value="none"/>
          <Coords points="553,2648 605,2648 605,2709 553,2709"/>
          <TextEquiv>
            <Unicode>de</Unicode>
          </TextEquiv>
        </Word>
        <Word id="Record8_Line2_Word2">
          <Property key="category" value="name"/>
          <Property key="person" value="other_person"/>
          <Coords points="614,2623 820,2623 820,2712 614,2712"/>
          <TextEquiv>
            <Unicode>Bernadi</Unicode>
          </TextEquiv>
        </Word>
        <Word id="Record8_Line2_Word3">
          <Property key="category" value="surname"/>
          <Property key="person" value="other_person"/>
          <Coords points="833,2643 1069,2643 1069,2711 833,2711"/>
          <TextEquiv>
            <Unicode>Carantela</Unicode>
          </TextEquiv>
        </Word>
        <Word id="Record8_Line2_Word4">
          <Property key="category" value="occupation"/>
          <Property key="person" value="wife"/>
          <Coords points="1081,2652 1260,2652 1260,2714 1081,2714"/>
          <TextEquiv>
            <Unicode>vedrier</Unicode>
          </TextEquiv>
        </Word>
        <Word id="Record8_Line2_Word5">
          <Property key="category" value="other"/>
          <Property key="person" value="none"/>
          <Coords points="1274,2650 1334,2650 1334,2711 1274,2711"/>
          <TextEquiv>
            <Unicode>de</Unicode>
          </TextEquiv>
        </Word>
        <Word id="Record8_Line2_Word6">
          <Property key="category" value="location"/>
          <Property key="person" value="wife"/>
          <Coords points="1348,2626 1515,2626 1515,2736 1348,2736"/>
          <TextEquiv>
            <Unicode>Bara</Unicode>
          </TextEquiv>
        </Word>
        <Word id="Record8_Line2_Word7">
          <Property key="category" value="other"/>
          <Property key="person" value="none"/>
          <Coords points="1512,2661 1637,2661 1637,2716 1512,2716"/>
          <TextEquiv>
            <Unicode>mori</Unicode>
          </TextEquiv>
        </Word>
        <Word id="Record8_Line2_Word8">
          <Property key="category" value="other"/>
          <Property key="person" value="none"/>
          <Coords points="1649,2674 1720,2674 1720,2716 1649,2716"/>
          <TextEquiv>
            <Unicode>en</Unicode>
          </TextEquiv>
        </Word>
        <Word id="Record8_Line2_Word9">
          <Property key="category" value="location"/>
          <Property key="person" value="wife"/>
          <Coords points="1735,2626 1902,2626 1902,2738 1735,2738"/>
          <TextEquiv>
            <Unicode>Bara</Unicode>
          </TextEquiv>
        </Word>
      </TextLine>
    </TextRegion>
    <TextRegion id="Record9">
      <Coords points="0,0 0,0"/>
      <TextLine id="Record9_Line0">
        <Coords points="0,0 0,0"/>
        <Word id="Record9_Line0_Word0">
          <Property key="category" value="other"/>
          <Property key="person" value="none"/>
          <Coords points="384,2736 468,2736 468,2814 384,2814"/>
          <TextEquiv>
            <Unicode>dit</Unicode>
          </TextEquiv>
        </Word>
        <Word id="Record9_Line0_Word1">
          <Property key="category" value="other"/>
          <Property key="person" value="none"/>
          <Coords points="483,2747 561,2747 561,2812 483,2812"/>
          <TextEquiv>
            <Unicode>dia</Unicode>
          </TextEquiv>
        </Word>
        <Word id="Record9_Line0_Word2">
          <Property key="category" value="other"/>
          <Property key="person" value="none"/>
          <Coords points="580,2732 729,2732 729,2818 580,2818"/>
          <TextEquiv>
            <Unicode>rebere</Unicode>
          </TextEquiv>
        </Word>
        <Word id="Record9_Line0_Word3">
          <Property key="category" value="other"/>
          <Property key="person" value="none"/>
          <Coords points="735,2752 802,2752 802,2821 735,2821"/>
          <TextEquiv>
            <Unicode>de</Unicode>
          </TextEquiv>
        </Word>
        <Word id="Record9_Line0_Word4">
          <Property key="category" value="name"/>
          <Property key="person" value="husband"/>
          <Coords points="810,2716 948,2716 948,2819 810,2819"/>
          <TextEquiv>
            <Unicode>Pere</Unicode>
          </TextEquiv>
        </Word>
        <Word id="Record9_Line0_Word5">
          <Property key="category" value="surname"/>
          <Property key="person" value="husband"/>
          <Coords points="968,2720 1190,2720 1190,2851 968,2851"/>
          <TextEquiv>
            <Unicode>Bassons</Unicode>
          </TextEquiv>
        </Word>
        <Word id="Record9_Line0_Word6">
          <Property key="category" value="occupation"/>
          <Property key="person" value="husband"/>
          <Coords points="1202,2757 1336,2757 1336,2855 1202,2855"/>
          <TextEquiv>
            <Unicode>pages</Unicode>
          </TextEquiv>
        </Word>
        <Word id="Record9_Line0_Word7">
          <Property key="category" value="other"/>
          <Property key="person" value="none"/>
          <Coords points="1350,2750 1402,2750 1402,2814 1350,2814"/>
          <TextEquiv>
            <Unicode>de</Unicode>
          </TextEquiv>
        </Word>
        <Word id="Record9_Line0_Word8">
          <Property key="category" value="location"/>
          <Property key="person" value="husband"/>
          <Coords points="1416,2741 1599,2741 1599,2816 1416,2816"/>
          <TextEquiv>
            <Unicode>Cervello</Unicode>
          </TextEquiv>
        </Word>
        <Word id="Record9_Line0_Word9">
          <Property key="category" value="other"/>
          <Property key="person" value="none"/>
          <Coords points="1589,2748 1707,2748 1707,2837 1589,2837"/>
          <TextEquiv>
            <Unicode>fill</Unicode>
          </TextEquiv>
        </Word>
        <Word id="Record9_Line0_Word10">
          <Property key="category" value="other"/>
          <Property key="person" value="none"/>
          <Coords points="1711,2752 1767,2752 1767,2818 1711,2818"/>
          <TextEquiv>
            <Unicode>de</Unicode>
          </TextEquiv>
        </Word>
        <Word id="Record9_Line0_Word11">
          <Property key="category" value="name"/>
          <Property key="person" value="husbands_father"/>
          <Coords points="1762,2730 1873,2730 1873,2843 1762,2843"/>
          <TextEquiv>
            <Unicode>Jua</Unicode>
          </TextEquiv>
        </Word>
        <Word id="Record9_Line0_Word12">
          <Property key="category" value="surname"/>
          <Property key="person" value="husbands_father"/>
          <Coords points="1879,2723 2050,2723 2050,2848 1879,2848"/>
          <TextEquiv>
            <Unicode>Bassos</Unicode>
          </TextEquiv>
        </Word>
      </TextLine>
      <TextLine id="Record9_Line1">
        <Coords points="0,0 0,0"/>
        <Word id="Record9_Line1_Word0">
          <Property key="category" value="occupation"/>
          <Property key="person" value="husbands_father"/>
          <Coords points="390,2861 526,2861 526,2950 390,2950"/>
          <TextEquiv>
            <Unicode>pages</Unicode>
          </TextEquiv>
        </Word>
        <Word id="Record9_Line1_Word1">
          <Property key="category" value="other"/>
          <Property key="person" value="none"/>
          <Coords points="545,2850 729,2850 729,2936 545,2936"/>
          <TextEquiv>
            <Unicode>defunct</Unicode>
          </TextEquiv>
        </Word>
        <Word id="Record9_Line1_Word2">
          <Property key="category" value="other"/>
          <Property key="person" value="none"/>
          <Coords points="724,2879 787,2879 787,2937 724,2937"/>
          <TextEquiv>
            <Unicode>y</Unicode>
          </TextEquiv>
        </Word>
        <Word id="Record9_Line1_Word3">
          <Property key="category" value="other"/>
          <Property key="person" value="none"/>
          <Coords points="793,2863 853,2863 853,2925 793,2925"/>
          <TextEquiv>
            <Unicode>de</Unicode>
          </TextEquiv>
        </Word>
        <Word id="Record9_Line1_Word4">
          <Property key="category" value="name"/>
          <Property key="person" value="husbands_mother"/>
          <Coords points="857,2840 1079,2840 1079,2925 857,2925"/>
          <TextEquiv>
            <Unicode>Antonia</Unicode>
          </TextEquiv>
        </Word>
        <Word id="Record9_Line1_Word5">
          <Property key="category" value="other"/>
          <Property key="person" value="none"/>
          <Coords points="1098,2848 1170,2848 1170,2914 1098,2914"/>
          <TextEquiv>
            <Unicode>ab</Unicode>
          </TextEquiv>
        </Word>
        <Word id="Record9_Line1_Word6">
          <Property key="category" value="name"/>
          <Property key="person" value="wife"/>
          <Coords points="1175,2850 1406,2850 1406,2921 1175,2921"/>
          <TextEquiv>
            <Unicode>Madrona</Unicode>
          </TextEquiv>
        </Word>
        <Word id="Record9_Line1_Word7">
          <Property key="category" value="state"/>
          <Property key="person" value="wife"/>
          <Coords points="1419,2852 1610,2852 1610,2926 1419,2926"/>
          <TextEquiv>
            <Unicode>donsella</Unicode>
          </TextEquiv>
        </Word>
        <Word id="Record9_Line1_Word8">
          <Property key="category" value="other"/>
          <Property key="person" value="none"/>
          <Coords points="1605,2840 1762,2840 1762,2936 1605,2936"/>
          <TextEquiv>
            <Unicode>filla</Unicode>
          </TextEquiv>
        </Word>
        <Word id="Record9_Line1_Word9">
          <Property key="category" value="other"/>
          <Property key="person" value="none"/>
          <Coords points="1773,2847 1835,2847 1835,2912 1773,2912"/>
          <TextEquiv>
            <Unicode>de</Unicode>
          </TextEquiv>
        </Word>
        <Word id="Record9_Line1_Word10">
          <Property key="category" value="name"/>
          <Property key="person" value="wifes_father"/>
          <Coords points="1841,2831 1982,2831 1982,2910 1841,2910"/>
          <TextEquiv>
            <Unicode>Pere</Unicode>
          </TextEquiv>
        </Word>
      </TextLine>
      <TextLine id="Record9_Line2">
        <Coords points="0,0 0,0"/>
        <Word id="Record9_Line2_Word0">
          <Property key="category" value="surname"/>
          <Property key="person" value="wifes_father"/>
          <Coords points="395,2940 559,2940 559,3050 395,3050"/>
          <TextEquiv>
            <Unicode>Alegre</Unicode>
          </TextEquiv>
        </Word>
        <Word id="Record9_Line2_Word1">
          <Property key="category" value="occupation"/>
          <Property key="person" value="wifes_father"/>
          <Coords points="574,2965 716,2965 716,3054 574,3054"/>
          <TextEquiv>
            <Unicode>pages</Unicode>
          </TextEquiv>
        </Word>
        <Word id="Record9_Line2_Word2">
          <Property key="category" value="other"/>
          <Property key="person" value="none"/>
          <Coords points="733,2949 785,2949 785,3011 733,3011"/>
          <TextEquiv>
            <Unicode>de</Unicode>
          </TextEquiv>
        </Word>
        <Word id="Record9_Line2_Word3">
          <Property key="category" value="location"/>
          <Property key="person" value="wifes_father"/>
          <Coords points="806,2945 1013,2945 1013,3039 806,3039"/>
          <TextEquiv>
            <Unicode>Castellvi</Unicode>
          </TextEquiv>
        </Word>
        <Word id="Record9_Line2_Word4">
          <Property key="category" value="other"/>
          <Property key="person" value="none"/>
          <Coords points="1005,2976 1063,2976 1063,3036 1005,3036"/>
          <TextEquiv>
            <Unicode>y</Unicode>
          </TextEquiv>
        </Word>
        <Word id="Record9_Line2_Word5">
          <Property key="category" value="other"/>
          <Property key="person" value="none"/>
          <Coords points="1082,2952 1146,2952 1146,3018 1082,3018"/>
          <TextEquiv>
            <Unicode>de</Unicode>
          </TextEquiv>
        </Word>
        <Word id="Record9_Line2_Word6">
          <Property key="category" value="name"/>
          <Property key="person" value="wifes_mother"/>
          <Coords points="1147,2945 1320,2945 1320,3046 1147,3046"/>
          <TextEquiv>
            <Unicode>Juana</Unicode>
          </TextEquiv>
        </Word>
      </TextLine>
    </TextRegion>
    <TextRegion id="Record10">
      <Coords points="0,0 0,0"/>
      <TextLine id="Record10_Line0">
        <Coords points="0,0 0,0"/>
        <Word id="Record10_Line0_Word0">
          <Property key="category" value="other"/>
          <Property key="person" value="none"/>
          <Coords points="397,3049 484,3049 484,3129 397,3129"/>
          <TextEquiv>
            <Unicode>dit</Unicode>
          </TextEquiv>
        </Word>
        <Word id="Record10_Line0_Word1">
          <Property key="category" value="other"/>
          <Property key="person" value="none"/>
          <Coords points="494,3049 573,3049 573,3121 494,3121"/>
          <TextEquiv>
            <Unicode>dia</Unicode>
          </TextEquiv>
        </Word>
        <Word id="Record10_Line0_Word2">
          <Property key="category" value="other"/>
          <Property key="person" value="none"/>
          <Coords points="582,3038 743,3038 743,3121 582,3121"/>
          <TextEquiv>
            <Unicode>rebere</Unicode>
          </TextEquiv>
        </Word>
        <Word id="Record10_Line0_Word3">
          <Property key="category" value="other"/>
          <Property key="person" value="none"/>
          <Coords points="751,3056 816,3056 816,3125 751,3125"/>
          <TextEquiv>
            <Unicode>de</Unicode>
          </TextEquiv>
        </Word>
        <Word id="Record10_Line0_Word4">
          <Property key="category" value="name"/>
          <Property key="person" value="husband"/>
          <Coords points="815,3031 939,3031 939,3121 815,3121"/>
          <TextEquiv>
            <Unicode>Pere</Unicode>
          </TextEquiv>
        </Word>
        <Word id="Record10_Line0_Word5">
          <Property key="category" value="surname"/>
          <Property key="person" value="husband"/>
          <Coords points="959,3049 1187,3049 1187,3121 959,3121"/>
          <TextEquiv>
            <Unicode>Samules</Unicode>
          </TextEquiv>
        </Word>
        <Word id="Record10_Line0_Word6">
          <Property key="category" value="occupation"/>
          <Property key="person" value="husband"/>
          <Coords points="1182,3056 1351,3056 1351,3150 1182,3150"/>
          <TextEquiv>
            <Unicode>sastre</Unicode>
          </TextEquiv>
        </Word>
        <Word id="Record10_Line0_Word7">
          <Property key="category" value="other"/>
          <Property key="person" value="none"/>
          <Coords points="1364,3049 1422,3049 1422,3116 1364,3116"/>
          <TextEquiv>
            <Unicode>de</Unicode>
          </TextEquiv>
        </Word>
        <Word id="Record10_Line0_Word8">
          <Property key="category" value="location"/>
          <Property key="person" value="husband"/>
          <Coords points="1427,3024 1588,3024 1588,3129 1427,3129"/>
          <TextEquiv>
            <Unicode>Bara</Unicode>
          </TextEquiv>
        </Word>
        <Word id="Record10_Line0_Word9">
          <Property key="category" value="other"/>
          <Property key="person" value="none"/>
          <Coords points="1580,3040 1694,3040 1694,3136 1580,3136"/>
          <TextEquiv>
            <Unicode>fill</Unicode>
          </TextEquiv>
        </Word>
        <Word id="Record10_Line0_Word10">
          <Property key="category" value="other"/>
          <Property key="person" value="none"/>
          <Coords points="1713,3047 1767,3047 1767,3109 1713,3109"/>
          <TextEquiv>
            <Unicode>de</Unicode>
          </TextEquiv>
        </Word>
        <Word id="Record10_Line0_Word11">
          <Property key="category" value="name"/>
          <Property key="person" value="husbands_father"/>
          <Coords points="1773,3024 1889,3024 1889,3112 1773,3112"/>
          <TextEquiv>
            <Unicode>Pere</Unicode>
          </TextEquiv>
        </Word>
        <Word id="Record10_Line0_Word12">
          <Property key="category" value="surname"/>
          <Property key="person" value="husbands_father"/>
          <Coords points="1908,3042 2013,3042 2013,3106 1908,3106"/>
          <TextEquiv>
            <Unicode>Sa=</Unicode>
          </TextEquiv>
        </Word>
      </TextLine>
      <TextLine id="Record10_Line1">
        <Coords points="0,0 0,0"/>
        <Word id="Record10_Line1_Word0">
          <Property key="category" value="surname"/>
          <Property key="person" value="husbands_father"/>
          <Coords points="395,3136 548,3136 548,3209 395,3209"/>
          <TextEquiv>
            <Unicode>mules</Unicode>
          </TextEquiv>
        </Word>
        <Word id="Record10_Line1_Word1">
          <Property key="category" value="other"/>
          <Property key="person" value="none"/>
          <Coords points="527,3178 596,3178 596,3247 527,3247"/>
          <TextEquiv>
            <Unicode>y</Unicode>
          </TextEquiv>
        </Word>
        <Word id="Record10_Line1_Word2">
          <Property key="category" value="other"/>
          <Property key="person" value="none"/>
          <Coords points="605,3160 672,3160 672,3224 605,3224"/>
          <TextEquiv>
            <Unicode>de</Unicode>
          </TextEquiv>
        </Word>
        <Word id="Record10_Line1_Word3">
          <Property key="category" value="name"/>
          <Property key="person" value="husbands_mother"/>
          <Coords points="667,3120 915,3120 915,3249 667,3249"/>
          <TextEquiv>
            <Unicode>Philippa</Unicode>
          </TextEquiv>
        </Word>
        <Word id="Record10_Line1_Word4">
          <Property key="category" value="other"/>
          <Property key="person" value="none"/>
          <Coords points="938,3147 1017,3147 1017,3216 938,3216"/>
          <TextEquiv>
            <Unicode>ab</Unicode>
          </TextEquiv>
        </Word>
        <Word id="Record10_Line1_Word5">
          <Property key="category" value="name"/>
          <Property key="person" value="wife"/>
          <Coords points="1023,3127 1256,3127 1256,3236 1023,3236"/>
          <TextEquiv>
            <Unicode>Elisabeth</Unicode>
          </TextEquiv>
        </Word>
        <Word id="Record10_Line1_Word6">
          <Property key="category" value="name"/>
          <Property key="person" value="wife"/>
          <Coords points="1264,3136 1442,3136 1442,3211 1264,3211"/>
          <TextEquiv>
            <Unicode>Maria</Unicode>
          </TextEquiv>
        </Word>
        <Word id="Record10_Line1_Word7">
          <Property key="category" value="state"/>
          <Property key="person" value="wife"/>
          <Coords points="1454,3142 1648,3142 1648,3229 1454,3229"/>
          <TextEquiv>
            <Unicode>donsella</Unicode>
          </TextEquiv>
        </Word>
        <Word id="Record10_Line1_Word8">
          <Property key="category" value="other"/>
          <Property key="person" value="none"/>
          <Coords points="1640,3135 1776,3135 1776,3227 1640,3227"/>
          <TextEquiv>
            <Unicode>filla</Unicode>
          </TextEquiv>
        </Word>
        <Word id="Record10_Line1_Word9">
          <Property key="category" value="other"/>
          <Property key="person" value="none"/>
          <Coords points="1797,3135 1853,3135 1853,3202 1797,3202"/>
          <TextEquiv>
            <Unicode>de</Unicode>
          </TextEquiv>
        </Word>
        <Word id="Record10_Line1_Word10">
          <Property key="category" value="name"/>
          <Property key="person" value="wifes_father"/>
          <Coords points="1850,3113 1995,3113 1995,3204 1850,3204"/>
          <TextEquiv>
            <Unicode>Pere</Unicode>
          </TextEquiv>
        </Word>
      </TextLine>
      <TextLine id="Record10_Line2">
        <Coords points="0,0 0,0"/>
        <Word id="Record10_Line2_Word0">
          <Property key="category" value="surname"/>
          <Property key="person" value="wifes_father"/>
          <Coords points="387,3235 603,3235 603,3352 387,3352"/>
          <TextEquiv>
            <Unicode>Escarrer</Unicode>
          </TextEquiv>
        </Word>
        <Word id="Record10_Line2_Word1">
          <Property key="category" value="other"/>
          <Property key="person" value="none"/>
          <Coords points="602,3276 659,3276 659,3334 602,3334"/>
          <TextEquiv>
            <Unicode>y</Unicode>
          </TextEquiv>
        </Word>
        <Word id="Record10_Line2_Word2">
          <Property key="category" value="other"/>
          <Property key="person" value="none"/>
          <Coords points="669,3246 732,3246 732,3313 669,3313"/>
          <TextEquiv>
            <Unicode>de</Unicode>
          </TextEquiv>
        </Word>
        <Word id="Record10_Line2_Word3">
          <Property key="category" value="name"/>
          <Property key="person" value="wifes_mother"/>
          <Coords points="752,3224 1009,3224 1009,3330 752,3330"/>
          <TextEquiv>
            <Unicode>Elisabeth</Unicode>
          </TextEquiv>
        </Word>
      </TextLine>
    </TextRegion>
  </Page>
</PcGts>
