2690 3794
367 303 545 389 Dilluns
563 343 605 385 a
626 337 683 408 19
703 309 858 381 rebere
855 326 903 383 de
933 319 1105 383 Narcis
1125 326 1282 417 Spinos
1291 337 1432 432 pages
1450 324 1506 385 de
1514 319 1644 415 Gava
1647 322 1749 408 fill
1759 317 1813 378 de
1851 317 1914 380 t

392 407 574 516 Spinos
591 407 741 511 pages
750 414 803 474 de
818 405 953 511 Gava
970 405 1162 496 defunct
1168 433 1214 498 y
1217 412 1270 474 de
1332 412 1377 470 t
1483 403 1562 470 ab
1577 403 1825 492 Maryanna
1833 407 2027 500 donsella

388 501 508 592 filla
513 512 574 569 de
587 491 765 571 Arnau
785 491 1002 571 Manent
1013 517 1150 614 pages
1168 503 1220 567 de
1242 493 1381 601 Gava
1402 525 1445 595 y
1448 503 1507 567 de
1532 482 1719 597 Antiga
1750 497 1984 590 defuncts

396 604 467 669 Dit
472 604 549 661 dia
554 596 693 661 rebere
703 606 751 656 de
760 594 1002 691 Christophol
1022 583 1169 665 Parra
1190 602 1416 700 apothecari
1441 591 1644 661 habitant
1648 622 1710 667 en
1720 585 1860 688 Bara
1870 594 1961 693 fill

396 698 448 759 de
457 688 584 787 #
606 670 726 759 Pere
733 690 870 785 Juan
880 675 1037 755 Parra
1050 688 1224 753 texidor
1234 694 1284 751 de
1302 685 1366 749 lli
1378 696 1432 753 de
1436 687 1550 755 Vich
1557 720 1601 789 y
1606 696 1657 761 de
1662 681 1807 755 Anna
1837 683 1904 753 ab
1895 668 2009 774 fra=

400 786 508 873 cisca
525 782 714 875 donsella
717 778 848 871 filla
867 784 915 851 de
931 775 1101 851 Antoni
1114 775 1265 885 Sogas
1269 788 1401 847 moler
1415 792 1465 849 de
1473 767 1638 883 Bara
1639 782 1821 879 defunct
1816 806 1863 875 y
1876 771 1972 836 de

402 874 673 975 Magdalena

388 961 467 1025 Dit
476 962 551 1023 dia
558 957 703 1025 rebere
723 961 773 1023 de
797 953 1006 1051 Sagimon
1026 951 1189 1051 Staper
1197 968 1333 1055 pages
1349 949 1404 1014 de
1409 943 1669 1050 Vilamajor
1660 951 1770 1040 fill
1781 947 1840 1007 de
1851 919 2015 1010 Bar=

406 1050 576 1117 thomeu
596 1045 761 1147 Staper
770 1064 920 1153 pages
929 1056 985 1114 de
991 1043 1245 1153 Vilamajor
1264 1056 1317 1112 #
1294 1068 1366 1140 y
1380 1043 1443 1112 de
1436 1047 1622 1144 Juana
1641 1043 1875 1136 defuncta
1895 1034 1992 1110 ab

400 1139 574 1211 Maria
596 1143 786 1243 donsella
791 1139 915 1232 filla
941 1146 994 1205 de
1017 1129 1194 1234 Gaspar
1211 1109 1360 1200 Boix
1370 1154 1504 1239 pages
1516 1139 1595 1202 del
1602 1116 1757 1202 Brull
1777 1126 1943 1234 bisbat
1958 1131 2019 1198 de

402 1233 520 1312 Vich
536 1261 580 1335 y
577 1244 632 1305 de
651 1236 700 1301 la
715 1238 831 1303 dona
846 1261 918 1301 na
921 1233 1198 1331 francisca

377 1332 458 1393 Dit
460 1334 531 1393 dia
536 1323 679 1393 rebere
684 1334 738 1395 de
734 1336 839 1423 joan
849 1325 1008 1414 Vinyes
1022 1327 1268 1391 treballador
1281 1321 1364 1382 del
1367 1332 1488 1410 regne
1506 1315 1566 1382 de
1549 1302 1719 1406 frança
1734 1302 1937 1374 habitant
1946 1329 2023 1371 en

406 1400 545 1510 Bara
550 1422 621 1489 ab
626 1418 866 1519 Guilleuma
871 1422 1027 1485 viuda
1040 1420 1093 1483 de
1079 1417 1327 1511 francesch
1357 1400 1537 1511 Gualup
1551 1402 1789 1472 treballador
1792 1413 1906 1465 mori
1903 1424 1963 1461 en
1956 1388 2066 1481 bara

387 1522 463 1590 Dit
476 1518 543 1581 dia
554 1503 722 1583 donare
713 1522 909 1584 llicentia
892 1518 1051 1615 gratis
1059 1541 1101 1579 a
1102 1524 1222 1618 juan
1232 1514 1366 1581 Serra
1380 1507 1545 1575 texidor
1555 1503 1610 1573 de
1619 1507 1751 1575 llana
1761 1510 1821 1573 de
1825 1473 2005 1602 Bara

394 1612 502 1699 fill
511 1606 566 1671 de
569 1606 718 1699 Juan
725 1608 870 1677 Serra
892 1602 1062 1677 hortola
1073 1612 1235 1673 #
1242 1606 1303 1671 de
1318 1576 1461 1691 Bara
1458 1627 1506 1695 y
1505 1606 1558 1669 de
1579 1595 1842 1695 Margarida
1859 1599 2050 1684 defuncts

406 1715 475 1780 ab
490 1696 714 1800 Hyacinta
729 1704 918 1797 donsella
919 1698 1049 1789 filla
1065 1708 1121 1769 de
1143 1689 1245 1769 Pere
1264 1702 1498 1798 Vacarisses
1509 1719 1632 1800 pages
1645 1706 1700 1767 de
1713 1696 1782 1770 St
1773 1696 1982 1763 Llorens

408 1799 562 1866 çavall
587 1801 773 1887 defunct
781 1826 827 1898 y
830 1803 885 1864 de
917 1794 1183 1891 Maryanna

390 1899 467 1968 Dit
478 1893 555 1958 dia
561 1893 700 1964 rebere
711 1897 763 1960 de
779 1888 953 1990 Guillem
976 1886 1105 1984 Gales
1125 1895 1259 1975 sastre
1279 1884 1333 1947 de
1343 1874 1587 1986 Granollers
1594 1878 1669 1943 ab
1683 1862 1895 1941 dorothea
1903 1871 2003 1941 don=

394 1991 518 2071 sella
517 1989 627 2071 filla
643 1983 691 2043 de
698 1972 848 2037 Antoni
857 1967 1002 2039 Volart
1005 1993 1124 2063 pages
1133 1976 1181 2035 de
1199 1969 1375 2033 Cardedeu
1384 1991 1426 2054 y
1431 1970 1480 2026 de
1499 1961 1772 2054 Magdalena

388 2072 475 2146 Dit
480 2079 555 2142 dia
563 2070 712 2142 rebere
727 2077 780 2137 de
789 2066 951 2166 Gabriel
962 2057 1156 2133 Torrent
1156 2077 1290 2170 pages
1308 2060 1356 2129 de
1376 2055 1570 2157 Castellar
1569 2062 1659 2146 fill
1672 2064 1721 2129 de
1724 2043 1881 2119 Antoni
1888 2043 2007 2118 Tor=

404 2186 506 2228 rent
517 2184 648 2272 pages
663 2165 835 2251 defunct
834 2188 885 2249 y
894 2173 951 2230 de
970 2154 1239 2258 Margarida
1254 2160 1317 2221 ab
1333 2137 1478 2225 Paula
1493 2158 1684 2255 donsella
1683 2149 1803 2244 filla
1820 2149 1867 2210 de
1853 2137 2007 2242 Juan

418 2254 648 2337 Llobera
637 2271 773 2363 pages
785 2265 839 2326 de
843 2250 909 2326 St
898 2244 1029 2363 Iga
1018 2282 1076 2345 y
1092 2259 1144 2322 de
1172 2243 1358 2322 Eularia

379 2359 559 2422 Dimars
571 2383 611 2418 a
624 2370 700 2414 20
723 2348 860 2414 rebere
875 2359 924 2416 de
941 2357 1056 2439 juan
1071 2344 1260 2410 Thomas
1256 2362 1461 2456 parayre
1489 2338 1541 2398 de
1563 2327 1735 2407 Caldes
1756 2329 1811 2398 de
1812 2325 2003 2418 Monbuy

398 2447 510 2531 fill
517 2451 572 2514 de
575 2443 714 2536 Juan
731 2428 932 2510 Thomas
952 2438 1134 2505 texidor
1141 2447 1196 2508 de
1207 2443 1270 2501 lli
1271 2464 1315 2527 y
1324 2441 1377 2499 de
1390 2417 1560 2536 Antiga
1573 2427 1780 2519 defuncts
1791 2415 1867 2484 ab
1882 2409 2058 2482 Hiero=

418 2562 564 2632 nyma
575 2543 778 2645 donsella
779 2530 915 2638 filla
937 2548 990 2606 de
1011 2513 1134 2606 Pere
1153 2535 1311 2610 Mates
1318 2552 1531 2645 parayre
1557 2535 1618 2598 de
1639 2520 1741 2589 dita
1748 2515 1865 2583 vila
1886 2494 2023 2615 defuct

408 2670 453 2761 y
462 2650 522 2717 de
540 2620 776 2743 Elisabeth

414 2736 491 2803 Dit
499 2740 580 2803 dia
585 2730 741 2803 rebere
750 2736 802 2795 de
812 2712 986 2793 Antoni
999 2700 1181 2818 Rossell
1186 2725 1288 2810 jove
1300 2714 1449 2801 mestre
1468 2702 1519 2769 de
1538 2678 1710 2793 cases
1695 2695 1780 2761 del
1781 2716 1912 2793 regne
1923 2697 1986 2763 de

394 2823 588 2919 frança
618 2813 823 2893 habitant
836 2841 903 2885 en
915 2787 1074 2914 Bara
1096 2809 1167 2874 ab
1174 2804 1445 2900 Maryanna
1458 2798 1659 2896 donsella
1666 2796 1795 2889 filla
1810 2798 1861 2859 de
1874 2777 1996 2854 An=

418 2937 512 2992 toni
532 2901 693 2991 Ratx
709 2928 860 3019 mestre
882 2916 932 2987 de
946 2924 1072 3019 cases
1094 2918 1150 2981 de
1162 2875 1336 3015 Bara
1337 2937 1387 3007 y
1388 2911 1442 2979 de
1460 2899 1741 3003 Sebastiana

406 3014 494 3092 dit
505 3020 597 3088 dia
610 3016 815 3090 reberem
828 3029 879 3092 de
888 3018 1027 3122 Juan
1055 3004 1253 3084 Tatare
1275 3010 1541 3079 treballador
1555 3001 1649 3069 del
1650 3023 1787 3109 regne
1804 3002 1863 3069 de
1856 2980 2019 3090 fraça

418 3108 636 3184 habitant
651 3138 720 3187 en
731 3085 909 3221 Bara
911 3117 986 3180 ab
978 3113 1154 3217 Juana
1178 3109 1375 3205 donsella
1386 3108 1535 3206 filla
1557 3108 1613 3167 de
1617 3093 1776 3199 Juan
1757 3087 2007 3214 Idrach

414 3215 675 3285 treballador
694 3215 753 3283 de
773 3205 1049 3332 Granollers
1063 3241 1121 3326 y
1127 3222 1187 3285 de
1215 3179 1474 3289 Bernada
1495 3205 1743 3304 defuncta
